2650 4207
103 257 174 289 so.
746 192 980 258 Catena
994 193 1285 262 Historica
1298 245 1312 260 .
1357 196 1485 263 Lib.
1499 197 1622 263 XV.
1654 200 1807 285 Cap.
1822 202 1887 264 11.
2133 220 2210 284 19

99 303 202 372 -Ῑλονὲπο
255 289 337 337 Sed
353 293 458 357 Regi
464 291 608 357 secreto
628 295 772 341 mentis
792 293 944 342 latebat
967 299 1164 363 repcfitum
1170 315 1245 364 pa-
1269 301 1278 314 ⁸
1301 297 1485 345 ciendum
1506 332 1520 352 ,
1543 359 1547 362 .
1572 299 1663 346 ocios
1683 298 1873 360 confidit,-
1908 297 1938 345 a*
1972 299 2110 366 quibus
2130 300 2289 362 diuersa

167 348 182 381 3
187 361 195 371 ’
252 360 350 414 tris,
372 360 654 426 fhiquescelus
673 363 879 428 infinitum
907 400 916 409 .
954 368 1066 431 Spero
1087 382 1248 418 autem,
1293 367 1458 431 percipit
1479 366 1652 431 responsa
1667 401 1676 411 .
1715 366 1903 430 Qidam
1920 366 2111 414 dixerunt
2129 361 2290 433 obsidem

251 427 354 493 quod
373 428 440 477 hoc
459 447 571 475 omne
587 447 657 496 pro
670 448 800 477 amore
811 429 954 492 Christi
970 431 1143 479 inultum
1143 434 1186 498 s
1175 437 1247 498 aepe
1285 433 1436 497 seniori
1457 435 1613 499 fiiimet
1627 434 1858 499 promffam
1870 465 1884 485 ,
1918 452 1965 480 ac
1983 437 2193 500 ignauiam
2201 452 2288 500 per-

251 494 655 562 relinqueret5fihunc
665 514 754 545 tam
769 497 1059 560 crudelium&
1072 519 1162 546 cum
1179 520 1246 546 cae-
1289 499 1402 565 petus)
1423 503 1478 549 eis
1504 499 1784 567 imputandam
1810 534 1824 554 ,
1858 503 1959 547 mori
1982 500 2129 554 malle,
2163 520 2287 567 quam

251 565 342 611 teris
351 561 433 630 fibi
455 574 654 632 contrarijs
674 565 897 634 apertestbi
905 569 1135 616 renitentem
1172 588 1246 615 non
1294 565 1431 615 vrbem
1451 588 1544 615 cum
1579 566 1654 614 tali
1670 570 1824 633 pignore
1842 570 1944 633 Regi
1978 587 2174 634 vmquam
2209 567 2287 615 da-

250 649 438 680 cerneret.
477 636 676 682 Henricus
697 634 886 682 Marchio
908 638 1096 701 quamuis
1116 637 1161 682 in
1180 636 1246 684 hoc
1294 655 1332 683 re
1355 672 1363 682 .
1402 635 1609 703 Superstite
1644 635 1773 683 adhuc
1803 636 1952 699 seniore
1976 636 2050 700 fiio
2081 635 2287 684 auxilium

247 700 531 766 criminesolus
542 701 752 769 culpabilis
772 719 1001 770 appareret,
1023 702 1243 751 tamenab·
1268 675 1272 780 Q
1281 704 1444 770 semper
1467 704 1628 770 sperare
1657 698 1914 770 profuturum
1940 739 1948 748 .
1988 702 2069 768 Alq
2103 719 2237 750 autem
2274 735 2288 756 ,

235 769 338 836 fiJue
350 768 494 836 confilio
514 770 683 818 aliorum
694 771 758 819 hoc
778 771 967 837 primitus
976 791 1050 818 non
1063 771 1244 838 aggredi-
1293 773 1361 838 qui
1374 770 1469 838 plus
1490 769 1708 838 sapiebant
1722 804 1734 824 ‚
1769 789 1886 838 atque
1906 773 2094 823 torrenti,
2128 769 2187 830 φ’
2223 770 2289 817 ho-

245 853 333 890 tur,
367 858 406 885 eo
426 838 521 905 quia
534 856 602 906 pro
622 857 762 905 magno
784 837 958 887 dedecore
966 841 1012 885 in
1028 839 1094 888 hoc
1102 840 1243 906 saeculo
1292 839 1399 886 mini
1428 842 1576 905 potenti
1595 838 1768 886 arduum
1800 839 1866 904 effi
1889 837 2130 902 testabantur
2149 838 2288 903 refiste-

240 904 414 972 proditor
439 905 601 955 habetur
625 940 639 961 ,
674 905 824 954 maluit
845 906 908 956 hoc
929 908 1163 974 conscientia
1177 930 1244 975 ge-
1292 926 1331 955 re
1348 941 1361 961 ,
1396 906 1564 955 άειιὶἶῦος
1599 906 1686 954 raro
1711 940 1724 960 ,
1757 924 1828 954 aut
1852 906 2073 971 numquam
2090 908 2290 972 promereri

244 976 371 1021 menti
381 973 528 1027 celare,
563 975 757 1042 quamsui
780 974 980 1027 damnum
991 975 1160 1024 aliorum
1173 995 1245 1024 aa·
1292 978 1464 1023 veniam
1479 1010 1492 1029 ,
1527 975 1737 1024 incolumes
1752 1008 1764 1027 ‚
1798 974 1859 1035 (of
1883 973 1986 1022 nullo
2021 975 2058 1035 β’
2079 991 2172 1022 tunc
2195 974 2286 1023 vul-

238 1062 329 1108 gere
340 1042 585 1092 detrimentis
596 1041 736 1104 ,ffob
745 1042 818 1092 haec
830 1046 925 1110 ,qui
941 1046 1054 1111 prius
1074 1044 1246 1092 viriliter
1292 1064 1379 1092 nere
1402 1045 1607 1097 tardatos,
1645 1063 1736 1090 cum
1748 1047 1928 1091 Domina
1951 1036 2103 1109 fliimet
2127 1042 2290 1107 caeteris-

232 1110 367 1177 suam
377 1110 428 1158 ab
440 1111 544 1160 hos‘Ze
555 1110 1245 1179 defenderestuduitpatriam,tunc
1291 1131 1367 1179 que
1391 1112 1497 1162 bonis
1521 1146 1535 1167 ,
1569 1130 1617 1160 ac
1652 1111 1861 1177 hospitibus
1890 1109 2062 1158 abeundi
2085 1111 2297 1158 licentiam.

90 1211 214 1249 XLVI·
245 1181 402 1245 aperuit
415 1179 504 1228 huic
514 1182 558 1227 in
570 1182 776 1247 rapinam.
815 1182 1013 1228 Mittitur
1028 1184 1064 1228 ei
1087 1180 1194 1229 clam
1216 1181 1245 1228 d
1291 1182 1402 1248 apud
1414 1187 1564 1249 Regem
1584 1180 1878 1248 imploraturos,
1899 1178 2180 1240 affirmabant.
2207 1184 2292 1227 Ho-

92 1253 233 1327 Ηίηῆἑσὶ
247 1246 453 1305 Ἐοίἰζίαιιο
473 1247 711 1301 auxilium,
745 1247 849 1298 nihil
870 1248 951 1316 fibi
984 1248 1143 1298 omnine)
1158 1267 1247 1318 pro-
1291 1270 1381 1298 rum
1396 1285 1410 1305 ‚
1447 1252 1467 1311 (
1483 1266 1536 1297 vt
1548 1253 1704 1317 opinor)
1739 1247 1883 1316 confilio
1896 1247 2014 1311 custos
2040 1246 2210 1314 eiusdem
2223 1251 2257 1292 C
2259 1247 2292 1292 i-

15 1346 17 1350 Δ
89 1305 233 1369 :2225ss-
236 1318 394 1383 ficuum
407 1353 417 1363 .
453 1317 639 1365 Venienti
655 1334 792 1382 autem
813 1334 908 1366 tunc
917 1321 1018 1385 le'
1036 1317 1093 1365 ad
1103 1317 1245 1373 locum,
1291 1321 1430 1367 uitatis
1451 1323 1573 1367 OEucco
1596 1337 1686 1366 cum
1707 1317 1854 1366 Othone
1869 1350 1882 1370 ,
1912 1335 2098 1381 germano
2108 1317 2265 1382 suimet
2278 1348 2290 1367 ‚

91 1379 232 1455 {gligit
247 1387 316 1452 qui
336 1384 611 1453 Hatheresbug
631 1385 805 1439 dicitur,
840 1407 996 1434 omnem
1017 1387 1246 1453 thesaurum
1267 1422 1269 1429 ,
1291 1386 1455 1435 dominae
1490 1386 1655 1453 loquitur
1676 1419 1689 1439 ,
1724 1385 1876 1452 eiufijue
1900 1383 2104 1452 fiiffragtjs
2151 1382 2287 1430 vrbem

233 1453 362 1520 situm
370 1453 419 1520 se
425 1452 713 1519 praecedentem,
725 1457 961 1519 Maganus,
974 1457 1146 1504 Comitis
1152 1472 1245 1522 prae-
1266 1436 1270 1662 Q
1290 1459 1397 1522 regiae
1427 1454 1608 1523 potestati
1642 1452 1814 1502 tradidit
1849 1487 1863 1507 ,
1908 1451 1987 1520 ips}
2023 1469 2161 1499 autem
2199 1470 2288 1497 cum

2301 1380 2420 1414 XLIX.

245 1521 698 1589 diHimiles,cumsuis
710 1523 892 1589 corripit,
912 1522 1124 1589 astumque
1137 1526 1245 1571 intra
1290 1524 1469 1573 omnibus
1500 1523 1572 1589 fibi
1608 1524 1810 1588 commiffis
1832 1522 1993 1587 securus
2029 1519 2151 1589 abut.
2186 1524 2300 1566 Con«

244 1589 330 1640 illos
343 1589 557 1646 diuidens,
577 1590 633 1639 ad
656 1589 926 1638 Amardelam
948 1590 1246 1641 Ciuitatemlae-
1279 1591 1425 1660 festim
1465 1595 1624 1640 Ciuitas
1661 1590 1857 1638 radicitus
1891 1588 1996 1636 dirui
2032 1588 2061 1636 a*
2096 1594 2204 1654 ᾖξε
2227 1588 2292 1633 iu-

243 1677 308 1708 tus
319 1662 545 1708 reuertitur.
585 1659 696 1726 Qos
712 1659 913 1726 Rejxpone=
925 1659 1244 1728 insequutuspos-
1266 1664 1270 1699 Q
1291 1659 1422 1709 betur.
1462 1660 1541 1709 Sed
1570 1659 1799 1727 parentibus
1835 1659 1948 1706 huius
1976 1660 2031 1705 rei
2052 1655 2295 1709 aufto-ibus,

231 1726 344 1795 sedit
361 1762 375 1782 ‚
409 1728 688 1810 compositisque
725 1726 909 1776 bellorum
941 1727 1210 1792 instrumentis
1233 1763 1246 1783 ‚
1267 1701 1271 1778 Q
1289 1749 1444 1797 magna
1479 1749 1532 1777 ex
1561 1745 1672 1795 parte
1723 1747 1812 1775 cum
1862 1725 2026 1793 aedt'fictjs
2059 1725 2248 1791 seruatur
2284 1762 2292 1770 .

7 1790 10 1840 Q
243 1818 302 1845 eos
312 1799 451 1844 vitam
452 1796 589 1863 solum
603 1829 617 1850 ,
640 1794 797 1845 reddita
810 1796 903 1845 vrbe
919 1829 932 1850 ,
955 1795 1151 1864 &praeda
1165 1832 1177 1851 ‚
1189 1799 1248 1867 fi-
1268 1782 1272 1864 Q
1291 1802 1462 1848 Interim
1496 1798 1594 1845 dum
1627 1801 1722 1858 Rex
1759 1797 1925 1843 Henrici
1948 1796 2115 1842 Comitis
2140 1791 2297 1845 vrbem,

242 1865 307 1913 olis
331 1863 631 1932 intercessoribus
647 1863 839 1932 postulare
874 1864 1056 1933 compulit
1083 1902 1092 1912 .
1131 1873 1249 1915 Tunc
1269 1866 1272 1900 Q
1292 1870 1445 1936 Crusim
1480 1882 1698 1917 vocatam,
1730 1862 1884 1929 poffidet
1900 1897 1914 1916 ,
1950 1861 2297 1919 OEolizlauuseum

243 1931 765 2002 deflruflapenituseadem
781 1933 1019 2001 ,diuisaque
1041 1937 1141 1982 inter
1158 1939 1249 2002 suos
1292 1940 1337 1985 in
1372 1935 1504 2003 aliquo
1538 1931 1669 1981 laedere
1696 1933 1942 2000 summopere
1978 1931 2089 1998 nisus
2134 1964 2147 1984 ‚
2187 1929 2297 1979 clam

241 2001 494 2051 Polienorum
505 2000 793 2056 multitudine,
827 2007 922 2064 ἢκ
936 2001 1028 2053 inde
1048 2002 1105 2050 ad
1126 1999 1249 2071 Crus-
1293 2007 1513 2053 exercitum
1549 2001 1718 2068 colligit,
1754 1999 1815 2062 (ᾤ’
1846 2018 1914 2069 per
1935 2001 2112 2048 ‘Nuncios
2136 1999 2294 2065 suimet

243 2073 289 2119 ni
309 2069 555 2134 Castellum,
588 2073 634 2117 in
653 2089 723 2136 quo
723 2068 858 2137 frater
876 2073 1047 2120 Comitis
1058 2074 1248 2126 Henrici,
1292 2072 1562 2122 Guncelinum
1588 2069 1774 2138 fratrem
1809 2069 1986 2118 hortatur
2012 2103 2026 2123 ,
2063 2084 2111 2115 vt
2146 2087 2293 2115 memor

92 2143 372 2187 XLV11·Ducc⁰
395 2141 580 2192 nomine,
616 2141 842 2185 Dominam
866 2139 994 2203 suam
1016 2139 1249 2207 Gerbergam
1280 2145 1411 2211 firmae
1442 2140 1692 2208 promifflonis
1708 2171 1723 2193 ,
1757 2136 1896 2185 vrbem
1932 2136 2187 2205 Misnensem
2208 2136 2294 2203 suae

245 2226 338 2255 cum
341 2205 439 2276 filq's
453 2205 630 2270 custodire
641 2204 818 2259 debebat,
823 2209 1100 2276 proficisiitur.
1116 2214 1250 2256 Exer-
1292 2210 1460 2258 redderet
1506 2209 1650 2257 ditioni
1683 2241 1697 2261 ,
1747 2209 2048 2274 amicitiamque
2095 2223 2296 2254 renouaret

247 2277 372 2324 citum
401 2292 540 2323 autem
561 2273 739 2341 vndique
763 2274 878 2340 secus
904 2275 1250 2341 circumftdentem
1289 2281 1509 2346 pristinam
1550 2315 1560 2324 .
1599 2275 1674 2323 Ille
1709 2294 1845 2326 autem
1869 2276 2003 2341 sciens
2035 2309 2047 2329 ,
2087 2273 2198 2337 istius
2238 2277 2300 2321 in-

248 2346 569 2393 HEricusComes
581 2345 855 2392 cumexterius
877 2343 1137 2411 impugnabat
1149 2343 1248 2391 vul-
1290 2347 1415 2412 gressu
1450 2345 1479 2392 a*
1510 2348 1651 2413 gratia
1688 2347 1810 2410 Regis
1840 2378 1852 2396 ‚
1887 2344 1947 2405 (ᾤ’
1983 2343 2011 2390 d
2047 2347 2215 2390 Domino
2240 2360 2301 2390 ta-

250 2431 392 2461 nerans
406 2411 598 2479 ‚aliosque
609 2410 771 2459 incaute
775 2409 1034 2478 frumentum
1044 2415 1151 2479 equis
1163 2434 1250 2461 con-
1271 2429 1274 2481 Q
1296 2416 1326 2463 li
1354 2416 1398 2481 se
1430 2412 1588 2482 penitus
1624 2412 1828 2479 exclufiim
1863 2414 1916 2459 iri
1939 2445 1953 2466 ‚
1989 2410 2197 2459 mandatis
2231 2428 2300 2459 ta·-

6 2539 8 2546 Α
244 2483 663 2550 gregantes,perimit.
701 2479 824 2540 „Quod
834 2501 881 2527 ne
902 2479 1074 2546 amplius
1075 2482 1170 2548 fieri
1181 2499 1249 2547 po-
1297 2483 1400 2531 libus
1435 2482 1628 2550 respondit
1647 2520 1656 2529 .
1694 2484 1851 2530 Omnia
1881 2500 1964 2548 qua
1994 2497 2126 2547 praeter
2161 2480 2233 2528 haec
2269 2484 2299 2525 a*

6 2554 9 2596 ἒ
250 2549 511 2614 cuffian
522 2546 667 2597 curiose
690 2546 903 2616 prunulis,
918 2549 1252 2617 posttismilitibus
1296 2573 1360 2600 me
1391 2553 1568 2618 expetis,
1595 2549 1758 2620 frater,
1795 2547 1955 2597 libenter
1993 2547 2170 2615 impendo
2193 2581 2206 2601 ,
2241 2549 2302 2608 Θ*

6 2613 14 2633 ”
250 2617 574 2685 quadringentis,
608 2616 1044 2685 hcstemqueftcretiora
1073 2616 1253 2684 quadam
1273 2613 1277 2682 Q
1293 2624 1328 2688 [ἰ
1355 2638 1560 2687 vmquam
1597 2619 1669 2669 haec
1696 2615 1891 2686 faciendi
1934 2619 2198 2685 opportunitas
2233 2637 2302 2664 ac-

246 2685 463 2754 petereloca
487 2687 630 2752 coegit.
669 2684 804 2750 Qem
823 2684 879 2733 ibi
902 2685 1252 2749 castrametantem
1299 2688 1401 2737 cidit
1438 2722 1452 2742 ‚
1502 2709 1578 2736 non
1612 2687 1739 2755 recufit
1775 2725 1785 2733 .
1823 2691 1926 2733 Sunt
1958 2705 2111 2733 mecum
2134 2684 2303 2750 senioris

250 2753 383 2818 rustici
392 2757 757 2803 vniusincontinens
770 2752 908 2820 lingua
935 2753 1157 2804 custodibus
1165 2773 1252 2822 pro-
1299 2761 1380 2806 mei
1404 2756 1633 2823 satellites,
1669 2757 1739 2823 qui
1759 2754 1864 2802 talia
1885 2775 1960 2804 non
1991 2755 2224 2821 patiuntur,
2245 2753 2303 2814 ΘΓ·
2372 2793 2374 2795 >

252 2822 385 2871 didit.
423 2820 1014 2889 Hiautemmedijferuorediei
1035 2821 1100 2871 illo
1129 2823 1253 2871 laten·
1289 2829 1331 2895 st
1362 2827 1426 2876 hoc
1455 2825 1686 2893 publicatur
1721 2857 1735 2878 ,
1782 2827 1876 2870 vita
1914 2842 2006 2870 mea
2043 2842 2133 2870 cum
2171 2825 2301 2870 omni-

253 2890 355 2941 tibus
367 2890 564 2951 tendentes
583 2889 730 2958 insidiis
742 2924 756 2945 ,
789 2906 838 2938 vt
846 2894 1024 2960 primum
1042 2890 1170 2955 castra
1183 2894 1252 2939 vi-
1275 2902 1279 2990 Q
1302 2895 1395 2950 bus,
1429 2912 1510 2961 quae
1541 2892 1696 2962 poffldeo
1713 2926 1725 2946 ‚
1756 2890 1997 2958 periclitatur
2022 2928 2030 2937 .
2068 2895 2165 2938 Hac
2193 2890 2302 2957 lega-

250 2962 299 3027 fis
310 2978 476 3027 agnouer
478 2982 496 3008 θ
506 2977 627 3008 tentor
629 2968 672 3028 ἦν(
685 2993 698 3013 s
717 2958 804 3007 alia
815 2979 905 3009 voce
923 2978 990 3028 per
1015 2966 1055 3007 K
1042 2965 1139 3023 yrie
1161 2960 1253 3009 elei·
1276 2991 1278 2995 .
1302 2967 1402 3011 tione
1437 2980 1595 3031 accepta
1617 2996 1632 3016 ,
1667 2959 1902 3018 Ἐοίἰζῖαιιιις
1915 2993 1928 3013 ,
1953 2962 2211 3007 internuntios
2234 2980 2303 3006 cu-

245 3029 323 3095 son
332 3029 454 3095 socios
476 3046 723 3077 conuocantes
738 3063 750 3081 ,
770 3026 885 3090 hostes
900 3063 911 3083 ,
936 3028 1083 3078 reliitz's
1104 3028 1254 3077 ibidem
1276 2998 1280 3077 Q
1291 3031 1436 3096 stodiri
1471 3065 1483 3085 ,
1520 3030 1579 3093 ff*
1614 3030 1800 3098 legionem
1837 3027 1894 3076 ad
1929 3027 2071 3075 Albim
2123 3044 2305 3094 propera-

258 3096 538 3164 omnibusfhis
559 3131 571 3150 ,
593 3114 700 3164 capto
708 3095 843 3163 fhlum
866 3101 1036 3146 Ernesto
1054 3132 1068 3152 ,
1103 3099 1254 3166 effuga-
1276 3084 1280 3156 Q
1303 3121 1340 3150 re
1375 3098 1478 3166 iuffit
1513 3137 1522 3147 .
1560 3102 1646 3147 Hic
1679 3097 1918 3165 qualitatem
1952 3095 2149 3143 vadorum
2175 3095 2304 3160 stere-

104 3164 247 3199 vam
262 3183 377 3214 runt.
412 3164 1254 3234 Quersttuncijdem,exmagnapartetri-
1274 3161 1280 3250 Q
1303 3169 1339 3217 to
1372 3170 1595 3237 perquirens
1631 3202 1645 3222 ,
1680 3186 1802 3214 mane
1829 3163 1951 3233 fac‘lo
1985 3166 2061 3231 ipse
2096 3162 2304 3231 fitbftqui-

97 3204 357 3297 ffifssessistes,
391 3237 560 3295 efficiunt
581 3233 799 3300 confiniales
823 3234 1041 3282 admodum
1055 3234 1254 3289 laetantes,
1277 3252 1281 3295 Q
1304 3256 1367 3286 tur
1394 3272 1408 3292 ‚
1443 3235 1505 3296 ff
1539 3234 1596 3283 ad
1622 3235 1786 3298 strelam
1806 3236 2029 3280 Ciuitatem
2054 3266 2069 3286 ‚
2103 3250 2196 3298 quta
2218 3232 2304 3298 suae

105 3301 163 3322 7151
192 3300 246 3323 ca·

101 3333 184 3374 fitur
199 3354 208 3364 .
255 3303 806 3371 Praeft'mamqiffl’gl‘saptiuo
819 3337 833 3358 >
854 3302 1038 3372 capitalis
1048 3304 1257 3368 sententia
1278 3305 1281 3367 Q
1305 3305 1374 3355 dos
1409 3322 1494 3353 erat
1519 3304 1617 3373 filia
1628 3338 1643 3358 ‚
1677 3301 1923 3354 demandat,
1958 3318 2007 3348 vt
2035 3321 2099 3349 nec
2106 3298 2177 3364 fibi
2187 3296 2302 3365 quid-

261 3368 292 3416 a*
311 3369 516 3420 Iudicibus
536 3369 751 3418 decernitur
765 3405 780 3427 ,
815 3392 894 3440 quae
914 3374 1164 3437 Maguntini
1176 3379 1256 3419 Ar-
1278 3372 1282 3432 Q
1305 3393 1430 3442 quam
1449 3376 1630 3421 timerent
1643 3406 1658 3427 ‚
1695 3392 1760 3420 nec
1785 3391 1875 3418 cum
1894 3369 2060 3418 clamore
2082 3368 2191 3416 illato
2215 3386 2301 3413 con-

260 3436 489 3504 chipraefitlis
507 3440 555 3486 V
544 3439 706 3507 villigifi
724 3443 968 3507 interceffione
977 3439 1154 3508 supplici
1170 3473 1183 3493 ‚
1218 3461 1257 3488 eo
1306 3445 1453 3490 uicinos
1473 3441 1519 3487 de
1540 3443 1611 3490 hac
1631 3461 1667 3488 re
1690 3458 1804 3488 certos
1826 3442 2029 3499 efficerent.
2067 3439 2155 3481 Nec
2164 3453 2274 3481 mora
2289 3468 2302 3488 ‚

259 3525 339 3573 ΨΜ
352 3511 455 3572 &gt
464 3506 633 3574 placuit,
642 3506 897 3576 redemptione
909 3526 1123 3557 amouetur.
1138 3513 1257 3555 Tunc
1279 3475 1282 3556 Q
1308 3513 1504 3558 exercitus
1549 3509 1649 3573 iuffii
1686 3512 1813 3556 Ducis
1857 3511 1900 3554 in
1946 3521 2111 3571 quatuor
2145 3501 2301 3549 diuidi-

259 3572 408 3622 audita
415 3574 663 3640 seniorissui
675 3574 787 3643 fuga
799 3608 813 3629 ‚
833 3582 958 3625 Bucco
983 3582 1121 3624 Comes
1137 3577 1257 3642 graui
1279 3557 1283 3589 Ι
1309 3596 1374 3625 tur
1409 3611 1423 3631 ,
1459 3577 1520 3639 ff
1556 3576 1612 3624 ad
1648 3581 1748 3626 Crin
1784 3573 1998 3637 Castellum
2033 3571 2184 3636 vespere
2220 3590 2302 3617 con-

259 3641 381 3691 dolore
403 3645 645 3696 concutitur,
678 3663 725 3691 ac
738 3643 837 3712 quid
846 3644 925 3712 fibi
943 3642 1147 3711 tuncforet
1172 3642 1255 3711 fa-
1309 3649 1438 3694 uenire
1473 3647 1732 3714 praecipitur
1779 3649 1875 3690 Due
1913 3656 2045 3687 autem
2085 3637 2304 3705 phalanges

1849 3711 1959 3754 Mm
2137 3724 2230 3773 prae-
