2650 4207
89 871 223 907 Diodor.

88 914 187 946 Sicul.
201 914 222 945 l.

91 958 139 986 16.
165 956 223 987 Bi-

88 994 194 1029 blioth.

88 1074 197 1107 XVII.

984 221 1119 286 Lib.
1135 221 1258 286 XV.

1287 221 1440 307 Cap.
1466 224 1556 288 111.
2118 226 2193 289 61

249 317 406 371 niteat,
428 334 602 385 apparet
616 333 693 364 nos
716 316 880 367 visitare
896 351 909 371 ,
945 320 989 364 in
1005 321 1144 366 *ianuis
1166 319 1245 365 sta-
1268 318 1279 331 “
1298 318 1429 365 lutiin
1442 338 1522 386 pro
1558 321 1615 365 ria
1627 319 1762 368 domo
1773 323 1873 369 vitia
1893 319 2283 370 diuerffirenturne-

248 399 293 428 re
309 417 321 436 ‚
357 400 403 433 vt
425 385 475 431 ad
499 385 681 432 latrones
706 420 720 440 ‚
756 385 858 433 idest
884 387 1043 432 Turcas
1066 386 1105 434 se
1141 405 1243 434 con-
1294 382 1419 433 fitia.
1457 392 1506 435 In
1529 388 1646 434 elices
1668 405 1771 442 nos,
1808 391 1882 456 qui
1905 405 2074 434 tantum
2095 388 2281 455 displice-

248 469 384 498 uertat
398 486 410 505 ,
447 460 489 499 ὃς
511 457 848 522 improperantes
870 453 965 500 licet
979 457 1048 507 ,in
1061 473 1244 521 regnum

246 520 504 568 manuducat
536 539 742 569 :eternum
766 556 780 576 ‚
815 540 916 568 cum
937 539 1013 569 nos
1052 521 1124 585 filij
1161 523 1241 569 ele-

245 590 330 641 eti,
367 608 467 656 gens
504 590 644 637 lanista
668 625 681 644 ,
717 589 851 657 regale
886 590 1203 637 Sacerdotium,
1227 624 1240 644 ,

244 659 425 726 populus
460 656 751 727 acquilitionis
776 691 790 709 ,
827 675 1054 707 vocantem
1078 656 1238 726 sperni-

243 744 339 772 mus
353 724 490 793 ,signa
502 728 677 775 dantem
689 725 902 773 illudimus
917 760 929 779 ,
944 744 1031 773 non
1047 731 1237 774 morien-

245 797 302 848 ti,
339 812 414 840 nec
435 793 670 862 resurgenti
694 794 927 842 credimus.
966 800 1075 843 Deus
1110 813 1238 843 auerte

242 866 350 910 iram
367 880 483 911 mam
503 862 532 909 a*
551 863 678 912 nobis.
720 867 789 910 Ne
811 879 858 911 vt
871 862 1095 930 quondam
1111 866 1236 931 Tyrij

242 928 370 978 simus
391 931 677 999 opprobrium
689 933 836 978 vicinis
859 931 1009 977 nostris
1022 953 1034 988 3
1070 928 1239 978 sublan-

242 1003 361 1046 natio
385 1034 397 1052 ,
418 1008 460 1045 &
483 998 616 1048 illusio
638 1001 700 1046 his
722 1033 736 1053 ‚
762 1002 836 1067 qui
859 1002 905 1045 in
942 1001 1125 1046 circuitu
1162 1018 1238 1046 no-

242 1067 328 1115 stro
349 1066 473 1116 sunt.
514 1068 582 1116 Ab
606 1068 847 1116 Alexandro
870 1085 968 1114 cum
995 1065 1236 1116 obsideren-

247 1152 315 1182 tur
328 1137 563 1184 Macedone
576 1171 588 1191 ,
625 1144 669 1183 &
691 1139 869 1185 Ciuium
885 1135 1063 1203 quidam
1076 1135 1237 1185 visum,

244 1203 489 1252 huiusmodi
511 1202 849 1274 sibiapparuisse,
886 1222 1075 1251 narraret
1094 1239 1107 1259 ,
1145 1221 1238 1251 tan-

242 1273 378 1341 quam
392 1273 546 1342 Apollo
558 1273 746 1330 dixisset,
783 1275 966 1341 Tyriam
991 1273 1141 1322 vrbem
1164 1271 1241 1321 fibi

242 1341 512 1389 deserendam
534 1342 637 1397 effe,
671 1360 835 1390 catenas
862 1360 1003 1388 aureas
1028 1341 1239 1410 Apollinis

242 1408 363 1479 signo
376 1414 631 1458 iniecerunt:
650 1412 710 1459 ita
720 1410 1085 1479 impedimentum
1099 1446 1111 1465 ‚
1149 1429 1240 1458 non

222 1531 227 1534 Δ
241 1479 423 1547 amplius
435 1499 485 1527 ex
497 1479 599 1528 vrbe
611 1480 723 1548 poffe
744 1498 845 1526 eum
867 1478 1108 1547 demigrare
1142 1497 1239 1526 cen-

16 2010 18 2015 ·
88 1957 214 1993 XVIII.

84 2219 168 2253 Plut.
190 2220 222 2251 in

84 2260 220 2304 Apophe.

105 2372 200 2405 XIX.

112 2971 191 3004 XX.

240 1545 397 1595 sentes:
422 1548 481 1596 oh
507 1551 750 1616 Tyriorum
760 1547 974 1596 dementia
986 1582 998 1601 ,
1011 1566 1091 1616 pro
1102 1550 1239 1616 preci-

241 1615 318 1664 bus
332 1651 344 1671 ,
357 1622 399 1662 &
411 1616 553 1681 hostijs
566 1620 710 1664 Deum
727 1615 886 1666 vincire
898 1620 1054 1663 catenis
1068 1655 1076 1664 .
1091 1617 1243 1664 Deort‘i

241 1685 492 1733 claudicauit
507 1685 661 1733 iustitia
676 1721 688 1740 ,
725 1704 828 1733 cum
850 1681 1062 1752 impositis
1085 1687 1242 1754 Tyrio-

1291 471 1384 499 mus
1397 456 1491 502 Deo
1504 488 1517 508 ‚
1530 472 1574 503 vt
1588 472 1662 521 per
1672 455 1832 503 rabiem
1855 454 2133 502 barbarorum
2150 490 2162 509 ‚
2175 456 2279 504 illius

1291 523 1333 566 in
1348 539 1423 569 nos
1437 525 1498 568 ira
1508 521 1723 569 desieuiat.
1764 522 1929 569 Nostris
1942 522 2111 589 piaculis
2133 522 2288 571 barba-¹

1290 591 1325 634 ri
1338 586 1471 636 fortes
1481 589 1580 636 sunt
1596 628 1604 635 .
1646 589 1812 636 Nostris
1825 593 1958 651 noxijs
1974 594 2193 638 Romanus
2206 591 2279 639 de-

1289 655 1464 703 bellatur
1483 660 1711 704 exercitus.
1749 658 1982 724 Ecquando
2007 656 2133 704 iniere
2164 658 2281 705 iusti..

1291 727 1346 771 tia
1360 759 1373 778 ,
1387 725 1642 772 &iniustitia
1655 722 1792 772 foedus
1807 760 1820 779 ,
1844 741 1890 774 vt
1902 723 2039 772 sceleri
2059 727 2121 771 ius
2132 725 2283 773 datum

1286 797 1667 840 canerenteparum
1678 797 1793 840 iuuat
1804 796 2007 840 exercitus
2012 810 2126 847 ,cum
2138 791 2284 841 scelera

1283 860 1557 908 aduersantur
1571 899 1580 907 .
1602 864 1932 929 Omnipotentia
1951 860 2151 929 cumipsa
2172 864 2285 909 iniu-

1285 928 1367 977 stos
1378 947 1543 976 armare
1554 933 1705 997 nequit
1720 964 1732 983 ,
1769 937 1812 975 δε
1836 928 1911 976 fibi
1922 929 2114 977 aduersos
2137 947 2283 998 prote-

1286 1016 1404 1066 gere.
1444 1004 1561 1047 Cum
1583 996 1792 1066 profugus
1813 1015 2038 1066 vagaretur
2058 1001 2103 1044 in
2127 997 2285 1047 Orbe)
2299 1035 2430 1078 Genes4

1286 1069 1605 1121 Cain,tremens
1616 1066 1831 1120 latitabat,
1868 1074 2077 1133 &gemens
2114 1079 2128 1131 <
2147 1083 2193 1116 vt
2216 1072 2284 1114 Se-
2320 1061 2414 1111 xxi.

1288 1138 1514 1203 ptuaginta
1527 1133 1812 1203 legunt)licet
1825 1138 1886 1181 im
1921 1133 2025 1182 ressa
2050 1133 2155 1182 nota
2175 1135 2287 1185 velu-

1288 1206 1322 1250 ti
1333 1203 1541 1273 imperiali
1553 1202 1803 1252 obarmasset
1817 1220 1856 1250 te
1889 1203 1958 1251 era
1970 1202 2128 1250 Iustitia
2140 1208 2287 1272 Super-

1288 1290 1365 1320 na:
1406 1274 1540 1341 Pcfiu't
1552 1277 1749 1321 Dominus
1759 1276 1864 1321 Cain
1873 1275 2030 1339 fignum
2046 1307 2060 1326 ‚
2080 1290 2127 1320 vt
2138 1277 2287 1320 nonin-

1286 1344 1466 1410 terficeret
1476 1363 1564 1391 eum
1579 1344 1720 1395 omnis,
1733 1344 1801 1408 qui
1816 1341 2017 1406 inueniffit
2026 1361 2117 1389 eum
2134 1380 2141 1388 .
2167 1341 2289 1407 Qid

1290 1412 1424 1479 igitur
1441 1414 1714 1479 timet,quem
1727 1412 2060 1478 Omnipotentia
2074 1407 2288 1457 defendit?

1292 1478 1476 1547 prudens
1490 1479 1666 1526 timebat
1679 1481 1788 1527 Cain
1802 1515 1815 1535 ,
1840 1496 1942 1525 cum
1964 1481 2158 1525 interiori
2179 1475 2293 1526 defe-

1291 1548 1463 1595 daretur
1475 1565 1650 1617 peccato
1663 1582 1676 1602 ‚
1710 1547 1809 1595 licet
1818 1549 2021 1594 exteriori
2047 1550 2290 1594 muniretur

1293 1614 1416 1685 figno
1429 1656 1438 1664 .
1477 1620 1632 1664 Parum
1644 1614 1811 1684 prodest
1825 1615 2097 1685 prouidentia
2117 1615 2291 1676 celestis,

1294 1704 1397 1732 cum
1431 1684 1578 1733 scelera
1615 1684 1850 1754 grassantur
1872 1683 2079 1732 terrestria
2097 1722 2105 1731 .
2146 1687 2288 1753 chz‘on

240 1772 341 1802 rum
353 1754 461 1803 collo
473 1757 629 1802 catenis
643 1789 656 1809 ‚
673 1753 918 1802 Alexandro
929 1751 1026 1800 sunt
1040 1753 1241 1801 humilia-
1294 1763 1305 1812 (
1318 1757 1460 1823 inquit
1471 1755 1611 1819 Cain)
1625 1757 1653 1801 a*
1664 1752 1866 1821 conspec‘lu
1878 1770 1939 1800 tuo
1954 1787 1966 1806 ,
1977 1754 2038 1814 ff*
2058 1774 2121 1803 con
2143 1756 2290 1801 cientja

242 1826 273 1870 ti
295 1826 532 1891 mancipia.-
570 1823 703 1871 brutis
727 1840 802 1892 par
823 1839 912 1869 erat
933 1819 1086 1869 seruire
1099 1822 1241 1870 homi-
1283 1823 1441 1889 fieleris
1451 1822 1870 1877 tremebundus,lueem
1882 1820 2126 1888 ipsamferre
2138 1823 2289 1888 nonfia-

240 1909 310 1939 nes
327 1911 338 1936 :
353 1894 430 1961 qui
444 1891 691 1940 hominibus
704 1908 923 1939 tentarunt
935 1889 1090 1938 seruire
1102 1895 1215 1940 Deos
1229 1932 1238 1941 .
1282 1892 1435 1955 stinens
1445 1891 1673 1959 absiondam
1683 1909 1730 1939 vt
1742 1891 1899 1939 latitem
1916 1929 1924 1937 .
1941 1889 2162 1939 Valentior
2172 1893 2288 1939 enirn

240 1966 388 2030 Qem
402 1960 500 2008 latet
512 1960 536 2009 a
547 1964 743 2008 Deorum
756 1959 1137 2029 supplicationibus
1175 1980 1241 2009 ar„

238 2047 312 2077 ma
323 2030 529 2078 initianda
544 2064 558 2082 ‚
584 2046 630 2079 vt
642 2030 876 2077 eorundem
899 2047 1032 2076 manu
1045 2028 1242 2079 humanae

240 2095 383 2146 sistant
401 2098 734 2148 viciffitudines?
753 2100 1058 2145 Firmissimam
1070 2098 1241 2148 vrbem„

242 2165 353 2215 haud
365 2166 556 2214 militum
576 2165 776 2214 exhibent
789 2183 968 2213 armatae
990 2169 1214 2237 phalanges
1227 2203 1241 2224 ,

241 2234 310 2283 sed
321 2235 488 2283 iustitia.
502 2239 695 2283 Leonem
708 2237 983 2303 percunctare
995 2240 1240 2304 Eurycrati-

240 2304 341 2352 dem
359 2340 372 2359 ,
407 2322 595 2373 quanam
608 2307 650 2351 in
665 2312 766 2351 vrbe
779 2304 916 2351 homo
941 2305 1150 2352 tutiffime
1164 2305 1239 2352 ha-

240 2372 418 2424 bitaret?
436 2372 573 2421 hostes
584 2373 778 2420 irrideret
793 2372 1000 2441 palantes?
1040 2373 1127 2421 Vbi
1149 2374 1241 2442 plu-

240 2444 424 2500 rimum(
438 2440 664 2511 respondet
677 2451 688 2500 )
700 2440 871 2489 haberet
885 2440 1043 2488 iustitia
1059 2445 1219 2490 virium
1228 2478 1239 2497 ,

238 2514 478 2559 minimum
500 2509 703 2558 iniustitia
729 2549 737 2557 .
779 2508 901 2558 Nihil
930 2513 1048 2558 enim
1072 2511 1241 2578 prodest

239 2598 388 2628 muros
409 2582 580 2626 munire
601 2579 930 2648 propugnaculis
956 2614 970 2633 ,
1006 2587 1049 2626 &
1073 2582 1240 2628 Deum,

238 2667 474 2717 prouocare
489 2650 670 2717 peccatis
686 2687 695 2696 .
731 2650 857 2695 Tunc
882 2651 1064 2696 ciuitatis
1079 2666 1239 2717 porta„

238 2721 406 2765 munita
417 2715 491 2765 effe
504 2719 663 2785 poterit
675 2739 686 2775 3
699 2714 731 2763 fi
743 2719 858 2784 prius
872 2721 916 2765 in
929 2716 1051 2765 nobis
1073 2717 1241 2765 iustitiae

240 2803 375 2855 portae
388 2789 659 2835 muniantur.
698 2787 800 2832 Haec
821 2790 1064 2835 Romanam
1087 2787 1238 2834 exalta-

239 2858 302 2901 uit
313 2852 750 2923 Rempublicam,haec
764 2855 910 2922 gentili
925 2856 1083 2924 populo
1094 2858 1238 2902 Deum

240 2941 431 2971 tutorem
442 2923 559 2971 dedit
573 2957 586 2976 ,
598 2920 759 2992 quisub
771 2923 884 2971 larua
896 2927 1109 2980 Deorum,
1121 2927 1238 2970 iuxta

237 2992 339 3040 illud
355 2991 573 3053 Deusstetic
583 2995 627 3041 in
626 2994 837 3060 synagoga
859 2999 1028 3042 Deorum
1041 3028 1054 3048 ‚
1077 3012 1165 3040 non
1179 2991 1237 3040 se-

235 3061 322 3108 mel
337 3079 418 3130 pro
431 3060 624 3108 Idolatris
637 3059 834 3129 pugnasse
847 3061 1034 3109 creditur
1046 3084 1058 3119 ;
1079 3080 1130 3109 ne
1144 3066 1236 3110 Ro-

236 3134 355 3178 mani
367 3131 633 3177 immeritam
647 3163 660 3182 ,
696 3130 983 3198 &ingloriam
1005 3129 1209 3178 iustitiam
1225 3165 1238 3185 ,

236 3217 370 3267 quam
382 3197 619 3245 humanam
630 3197 767 3245 dicere
781 3197 897 3247 nefas
912 3233 924 3253 ,
945 3216 1216 3267 reportarent
1263 3237 1265 3253 <

236 3269 416 3315 Vtinam
427 3265 668 3315 Christiana
679 3264 781 3313 fides
799 3301 812 3321 ,
829 3274 871 3314 ὃς
883 3267 1123 3315 Gentilium
1134 3271 1242 3314 anti·
1263 3283 1265 3325 i

1264 3360 1265 3364 ¹
1285 3354 1365 3384 nus
1377 3354 1522 3383 autem
1535 3333 1649 3382 misit
1661 3351 1841 3383 ventum
1853 3353 2064 3403 magnum
2075 3337 2119 3382 in
2140 3353 2259 3382 mare
2273 3371 2287 3391 ‚

234 3337 312 3404 qui
322 3354 463 3384 mores
473 3333 609 3381 amice
631 3337 818 3384 coirent.
861 3340 901 3383 Si
934 3336 986 3384 de
1010 3335 1109 3405 ipsis
1133 3335 1240 3384 dici-

235 3421 323 3458 tur,
337 3420 384 3452 vt
395 3403 515 3471 quod
529 3406 571 3451 vi
583 3421 803 3471 coeperant
814 3439 828 3458 ,
841 3411 884 3450 &
899 3404 1240 3472 iniuria,religio-

234 3490 288 3520 ne
302 3505 316 3525 ,
327 3488 457 3538 atque
466 3470 628 3518 iustitia
641 3505 653 3524 ,
674 3470 988 3539 gubernarent:
1005 3473 1112 3541 quid
1125 3470 1239 3521 foret

233 3540 286 3587 de
298 3538 363 3586 illa
374 3541 509 3587 domo
524 3573 537 3593 ,
575 3557 709 3607 quam
730 3536 807 3588 fibi
829 3559 987 3590 aeterna
1011 3539 1240 3588 aedificauit

234 3611 441 3677 Sapientia
455 3610 664 3661 ,extruxit
687 3607 903 3657 columnas
932 3608 1095 3677 septem
1109 3646 1122 3666 ,
1134 3608 1239 3656 idest

1293 1959 1352 2008 est
1370 1964 1536 2009 interna
1547 1959 1704 2008 malitia
1718 1994 1732 2014 ,
1741 1964 1787 2010 ‘vt
1806 1958 1963 2028 prodat
1976 1993 1988 2013 ‚
2003 1960 2138 2027 quam
2149 1975 2286 2007 exter-

1292 2048 1400 2077 num
1412 2027 1598 2099 signum,
1612 2046 1658 2079 vt
1673 2031 1851 2077 muniat.
1867 2032 1920 2076 Et
1932 2029 2107 2097 quidem
2120 2030 2286 2097 impru-

1290 2099 1465 2147 dentem
1482 2117 1572 2147 non
1584 2096 1700 2147 fuiffe
1711 2100 2019 2167 cogitationem
2030 2097 2142 2146 casus
2157 2097 2290 2146 osten-2

1289 2168 1376 2216 dit.
1416 2171 1649 2217 Ciuitatem
1663 2167 1839 2216 aedificat
1856 2203 1869 2223 ,
1884 2187 1966 2238 qua
1989 2167 2026 2217 fe
2040 2185 2208 2216 tueatur
2222 2204 2234 2223 ,
2248 2176 2290 2214 &

1289 2237 1413 2306 paulo
1425 2236 1519 2307 post
1529 2236 1681 2307 sagitta
1705 2237 1970 2306 transfigitur
1982 2273 1995 2292 ,
2032 2239 2168 2285 iaculo
2177 2237 2201 2285 εὶ
2213 2241 2292 2286 La*

1289 2305 1446 2354 mecho
1468 2305 1771 2355 transfoditur.
1811 2310 1904 2354 Nec
1928 2309 2112 2353 ciuitatis
2129 2305 2292 2354 seruare.

1290 2378 1434 2444 potuit
1447 2375 1632 2424 custodia
1648 2410 1661 2429 ‚
1699 2394 1831 2443 quem
1845 2375 1984 2422 iaculis
1998 2375 2148 2423 dehita
2163 2375 2293 2422 deuo-

1290 2460 1440 2490 uerant
1454 2482 1463 2491 .
1476 2447 1605 2492 Dicat
1619 2443 1813 2491 Sultanus
1826 2447 2059 2491 Amuratus
2077 2478 2090 2497 ,
2101 2459 2291 2511 quomo-'
2302 2448 2430 2482 Bertell.

1267 2543 1269 2554 ·
1289 2511 1345 2560 clo
1358 2515 1601 2560 Turcarum
1624 2513 1826 2559 leuauerit
1848 2511 2041 2558 saeuiente
2054 2512 2288 2580 pestilentia

1291 2597 1480 2635 turmas,
1515 2600 1610 2650 quae
1632 2580 1740 2650 pene
1765 2597 1909 2627 totum
1930 2583 2154 2627 attriuerat
2179 2581 2290 2627 mili2
2338 2582 2347 2592 ¹
2403 2583 2413 2593 “

1290 2657 1403 2696 tem?
1415 2652 1518 2697 vitia
1529 2668 1619 2698 non
1632 2667 1754 2699 venas
1766 2647 1895 2696 secuit
1908 2667 1918 2693 ε
1932 2648 2188 2703 Sodomitas,
2201 2649 2292 2697 bla-

1288 2717 1526 2788 sphaemos,
1540 2718 1794 2788 polygamos
1805 2719 2053 2764 amandauit
2068 2738 2077 2763 :
2093 2721 2148 2763 ita
2165 2720 2288 2767 miles

1288 2787 1506 2835 conualuit
1520 2823 1534 2842 ,
1569 2806 1670 2834 cum
1686 2790 1816 2856 pietas
1829 2786 2028 2833 alimenta
2042 2784 2288 2855 pestilentia:

1287 2855 1514 2924 surripuit.
1555 2859 1651 2904 Hoc
1665 2854 1838 2914 chalybe
1852 2854 2127 2921 expoliuntur
2144 2874 2286 2903 arma:

1287 2923 1398 2972 hisce
1411 2924 1549 2972 loricis
1564 2918 1846 2993 cataphraCtae
1871 2922 2094 2991 phalanges
2117 2926 2163 2972 in
2184 2928 2292 2972 Ter-

1286 3011 1356 3047 ra,
1393 2993 1574 3042 inCoelo
1591 2996 1789 3042 victrices
1819 2992 2030 3039 exultant.
2071 2992 2298 3042 Altercan->

1287 3078 1376 3108 tem
1400 3080 1488 3109 non
1513 3079 1809 3131 praetereamus
1846 3063 2173 3129 Hieronymum
2196 3096 2209 3116 ‚
2246 3070 2292 3109 δε
2305 3087 2380 3118 Iona
2391 3095 2437 3120 m

1264 3172 1266 3176 ,
1286 3148 1431 3178 nautas
1447 3131 1535 3178 illos
1551 3165 1565 3185 ‚
1587 3149 1776 3200 quorum
1788 3147 1944 3177 nauem
1968 3127 2176 3199 profugus
2191 3130 2215 3178 a
2228 3128 2291 3178 fa·
2304 3162 2430 3196 xxm·

1286 3202 1348 3246 cie
1369 3202 1552 3248 Domini
1575 3201 1698 3247 Ionas
1719 3195 2022 3246 conscenderat
2039 3232 2053 3252 ,
2077 3215 2123 3247 vt
2145 3198 2288 3246 Ther„-

1285 3265 1364 3314 fim
1378 3267 1601 3337 appelleret
1616 3302 1628 3321 ‚
1641 3286 1693 3314 ne
1706 3284 1866 3335 peteret
1881 3269 2091 3314 Niniuem
2105 3286 2114 3311 :
2129 3269 2287 3314 Domi-

1285 3412 1329 3450 &
1340 3401 1452 3452 faeta
1462 3404 1519 3451 est
1530 3402 1752 3473 tempestas
1764 3421 1920 3471 magna
1935 3437 1947 3457 ‚
1983 3419 2030 3451 vt
2043 3405 2158 3449 nauis
2171 3406 2288 3470 peri-1

1264 3501 1265 3505 =
1286 3472 1527 3520 clitaretur.
1566 3472 1830 3520 Periclitatur
1854 3473 2002 3536 nauis(
2014 3469 2158 3538 glossat
2184 3473 2285 3519 Hie-

1286 3542 1527 3609 ronymus)
1565 3558 1659 3607 quae
1684 3539 1995 3609 periclitantem
2019 3537 2287 3606 susceperat‘‚'

1287 3626 1417 3658 vento
1431 3610 1706 3656 concitantur
1717 3610 1868 3660 maria,
1885 3609 1928 3652 in
1944 3606 2285 3673 tranquillitate.)

234 3675 398 3745 septem
407 3677 758 3744 contignamenta
769 3679 994 3728 virtutum
1002 3699 1017 3738 3
1039 3680 1085 3726 ni
1097 3676 1156 3726 ibi
1168 3697 1240 3728 ve--
1288 3676 1667 3745 tempestasoritur
1680 3694 1690 3722 ε
1705 3675 1810 3726 nihil
1823 3677 1918 3720 Deo
1928 3672 2143 3721 auersante
2169 3672 2291 3732 secu-2

1815 3746 1984 3792 er.

2121 3759 2219 3788 rum

2301 1742 2438 1775 Hieron.
