2650 4207
216 314 287 347 snt.
460 269 492 314 2
499 267 541 313 θ

215 355 317 390 Anno
366 347 558 415 pramiffle
586 380 601 401 ,
646 344 691 395 ne
733 349 799 411 [ui
843 346 1029 415 aliquam
1064 346 1093 393 d
1127 346 1365 396 Marchione
1414 349 1511 411 cefflt
1546 385 1556 397 .

219 402 310 436 1003.

768 246 1408 320 H'enricusSeClaudus
1434 249 1646 335 Imper.
1661 249 1882 315 occid.
1906 248 2029 313 XV.

1590 347 1812 416 sigfridus
1832 369 1920 397 vero
1942 348 2018 424 spe
2046 348 2190 415 palam
2224 350 2417 419 resistendi
2467 367 2469 370 ⁴

371 413 594 477 molestiam
625 432 848 482 paterentur
860 448 873 469 ,
900 413 1098 482 prouidere
1122 413 1363 481 studebant.
1403 412 1637 480 fruft'ratus
1649 448 1662 468 ‚
1701 436 1774 464 non
1809 437 1867 464 eos
1902 433 2113 464 comitatur
2129 452 2143 475 ‚
2165 418 2243 486 sed
2275 418 2323 467 de
2332 419 2411 487 fu-

372 486 498 531 Totus
539 482 601 531 hie
639 500 765 552 pagus
802 517 815 537 ‚
850 486 920 546 qui
955 483 1143 530 Glomaci
1176 481 1320 530 dicitur
1350 509 1364 535 ,-
1413 497 1504 529 tura
1538 486 1722 548 commtffi
1754 482 2026 531 emendatione
2070 504 2193 536 certus
2241 505 2405 536 reuerti-

370 549 514 617 0ptimei
549 567 636 597 tum
672 550 853 600 excultus
886 584 899 604 ,
935 553 978 598 in
1013 569 1104 615 vna·
1135 549 1208 599 hac
1254 549 1321 598 die
1347 575 1364 603 s*
1412 565 1477 596 tur
1502 587 1514 596 .
1549 555 1649 613 Rex
1684 568 1820 599 autem
1856 553 1914 601 ad
1946 557 2129 601 Cranam
2163 554 2304 618 hostem
2338 559 2407 604 in·-

369 620 458 682 igne
494 651 509 671 ‚
546 617 683 686 gladio
720 643 734 673 5
776 618 835 680 ᾗ
878 618 1113 668 habitatoris
1158 616 1361 666 educfh'one
1399 616 1594 692 sequutus
1618 617 1848 685 fugientem
1868 652 1882 673 ,
1917 618 2064 668 leniuit
2099 623 2144 668 in
2177 622 2241 671 hos
2257 624 2409 689 suimet

357 684 551 753 flebiliter
580 686 778 754 desolatur
812 725 821 735 .
859 685 940 735 Sed
973 685 1139 753 qualiter
1172 688 1209 735 is
1245 719 1260 740 ‚
1293 688 1363 753 qui

367 774 497 806 omnes
542 753 662 802 crebrb
697 754 848 822 fallere
879 754 1034 821 solebat
1074 789 1088 809 ,
1132 752 1162 800 d
1205 753 1371 821 quibus:-

369 820 472 871 dam
503 854 518 875 ‚
553 825 624 889 qui
654 822 863 890 Mogilina
887 823 990 871 -vrbe
1010 821 1208 888 sedebant
1240 855 1255 876 ,
1272 821 1362 885 {de-¹

366 889 562 939 luderetur
584 922 600 944 ,
628 895 839 940 memorare
858 890 961 940 libet
986 928 997 938 .
1035 895 1101 939 Hi
1121 910 1210 938 cum
1239 889 1269 936 a*
1303 890 1369 938 le--.

361 961 474 1028 gione
492 956 550 1004 ad
578 980 636 1006 eos
666 962 788 1027 missa
821 961 1140 1026 impugnarentur
1164 993 1177 1013 ‚
1210 979 1277 1007 cur
1307 962 1359 1026 sic

356 1027 510 1097 facitis
538 1032 560 1072 ἓ
594 1028 781 1093 inquiunt
812 1065 821 1076 .
860 1028 1035 1092 Vestrum
1058 1029 1256 1094 seniorem
1292 1044 1356 1094 op-

364 1097 513 1143 timum
548 1093 705 1158 scimus
734 1129 749 1149 ,
792 1095 851 1157 (ᾤ’
884 1095 983 1144 hunc
1017 1100 1140 1144 nostro
1167 1113 1355 1163 praepone-

363 1182 404 1210 re
437 1160 622 1210 volumus
656 1195 670 1216 ‚
713 1180 877 1212 tantum
904 1163 1103 1230 praecedite
1133 1197 1147 1217 ,
1192 1164 1254 1225 (ᾤ’
1289 1184 1355 1212 nos

1411 703 1598 733 animum
1642 719 1657 739 ‚
1701 687 1803 754 quod
1848 690 2009 754 agnouit
2030 690 2081 752 se
2115 691 2328 739 inimicum
2362 695 2408 740 in

1410 750 1646 816 destruendis
1674 755 1938 824 praeoccupaffe
1960 793 1971 803 .
2009 758 2133 822 Mifit
2167 774 2261 805 tunc
2294 765 2409 808 Hen-

1410 822 1539 868 ricum
1558 823 1921 891 Vvirciburgensem
1940 825 2182 891 Episcopum
2203 859 2217 880 ,
2246 825 2309 887 ᾤ’
2329 827 2414 874 Er-',

1410 888 1666 937 Kanboldum
1685 923 1700 944 ,
1735 896 1778 939 F
1778 891 1942 1006 uldetyis
1975 892 2142 960 Coenobq‘
2173 893 2372 943 Abbatem
2390 928 2406 950 ‚

1409 975 1458 1006 vt
1487 963 1519 1004 S
1520 957 1722 1026 uuinsordi
1751 964 1876 1008 Caste
1893 959 1979 1007 lum
2020 960 2241 1009 incederent
2274 995 2288 1015 ‚
2335 979 2403 1010 at-

1409 1044 1482 1092 que
1518 1024 1717 1074 diruerent
1750 1064 1761 1075 .
1809 1028 1921 1094 Qos
1953 1026 2217 1078 aduentantes
2250 1032 2404 1078 Henri-
2450 1067 2508 1103 Lu

1409 1097 1445 1142 ci
1484 1097 1651 1143 Comitis
1695 1095 1846 1161 inclyta
1887 1113 2019 1144 mater
2054 1097 2158 1146 Eila
2200 1101 2356 1147 nomine
2387 1131 2402 1153 ,
2419 1094 2566 1145 Ἑίὶαἶηι

1407 1180 1456 1210 vt
1490 1162 1591 1210 tales
1625 1161 1784 1212 decebat
1812 1164 1996 1232 personas
2016 1199 2031 1220 ,
2046 1166 2270 1234 fhfiipiens
2290 1199 2305 1220 ³
2340 1165 2402 1229 ὤ.
2419 1160 2467 1184 ter
2483 1156 2562 1187 Hm

2419 1194 2477 1226 rici
2500 1196 2563 1227 im-

363 1249 453 1277 eum
485 1227 673 1298 familq's
715 1264 730 1284 ,
773 1231 832 1292 ᾖ
861 1232 1125 1298 pofflrffionibus
1164 1235 1355 1300 vniuersis
1395 1231 1592 1297 fizlutans
1622 1264 1638 1285 ,
1671 1249 1721 1280 vt
1749 1249 1938 1300 precepta
1970 1233 2170 1283 intellexit
2203 1233 2358 1302 regalia
2386 1267 2402 1289 ,
2417 1234 2499 1277 pedit
2511 1237 2560 1269 ‘'²¹-

2419 1276 2564 1309 emdimn

352 1297 623 1368 subsecuturos
658 1319 733 1346 non
765 1298 944 1348 dubitate
966 1338 975 1346 .
1014 1302 1145 1348 Talia
1165 1318 1316 1348 orantes
1340 1335 1354 1355 ‚
1400 1298 1656 1368 perturbatur
1667 1333 1682 1353 ,
1718 1303 1933 1368 concitoque
1968 1303 2083 1369 curfie
2102 1301 2160 1350 ad
2181 1303 2402 1372 Ecclesiam
2420 1318 2560 1363 Ecetefie

361 1386 437 1414 non
470 1363 650 1431 amplius
683 1366 900 1415 vexabant
934 1368 1058 1417 hostes
1091 1403 1105 1423 ‚
1139 1367 1199 1430 Θ*
1219 1369 1353 1433 senio-
1401 1386 1610 1436 properans
1624 1401 1638 1422 ,
1651 1366 1801 1418 ibidem
1811 1371 1917 1435 ignis
1936 1371 2278 1419 concremationem
2291 1373 2405 1440 prius

360 1436 396 1482 ri
416 1435 496 1500 fiio
529 1433 589 1482 hos
615 1434 830 1485 aduentare
847 1453 915 1503 pro
946 1454 1041 1485 certo
1073 1436 1317 1486 nuntiabant
1341 1477 1350 1485 .
1393 1435 1606 1503 substinere
1627 1470 1642 1491 ,
1675 1456 1801 1505 quam
1824 1438 1900 1487 hac
1930 1437 2170 1488 comburente
2191 1442 2299 1488 vina
2319 1439 2405 1487 vel-

359 1501 442 1550 Sed
484 1521 573 1550 cum
617 1503 899 1558 commilitones
942 1504 1030 1571 sert)
1077 1504 1257 1570 confluere
1300 1505 1369 1555 lo:

359 1590 452 1620 cum
472 1604 486 1624 ‚
521 1571 659 1638 hosque
688 1573 797 1621 domi
814 1572 951 1640 sedere
982 1608 997 1629 ,
1031 1573 1120 1621 dux
1153 1592 1315 1623 cerneret
1339 1609 1353 1629 ,

359 1637 534 1686 multum
578 1641 764 1706 irascitur
807 1674 821 1695 ‚
865 1640 929 1703 ὥ
962 1641 1218 1690 mendacibus
1240 1643 1353 1711 ῥοῇς

352 1724 472 1773 paena
492 1708 672 1755 minatur
695 1746 704 1756 .
746 1708 898 1773 Pestera
931 1708 1013 1758 luce
1048 1729 1122 1759 orto
1154 1713 1243 1758 iam
1282 1717 1354 1759 So-

357 1775 392 1822 le
404 1774 540 1843 praeda
560 1777 861 1835 innumerabilis
888 1781 1139 1844 pramittitur
1152 1813 1165 1833 ,
1184 1777 1243 1839 (ᾤ’
1264 1798 1355 1827 ma-

1405 1505 1457 1554 let
1485 1507 1595 1553 exire
1627 1538 1642 1559 ,
1677 1505 1842 1568 testatur
1865 1543 1875 1553 .
1921 1505 2036 1555 Vnde
2060 1508 2231 1574 seniores
2257 1506 2408 1577 praefa.

1406 1575 1441 1622 ti
1462 1606 1477 1628 ,
1511 1574 1554 1622 ob
1592 1573 1736 1638 Chresti
1766 1593 1941 1622 amorem
1957 1575 2162 1642 saculares
2186 1578 2415 1646 postponen-

1407 1642 1454 1689 do
1487 1645 1644 1690 timores
1680 1641 1876 1690 decretam
1911 1642 2124 1693 mutabant
2134 1645 2381 1712 sententiam
2396 1679 2414 1700 ‚

1407 1712 1608 1778 mumffiue
1628 1708 1740 1758 vrbis
1763 1744 1778 1764 ,
1798 1728 1846 1757 ac
1865 1711 2031 1777 aedificia
2040 1711 2124 1778 solo
2157 1716 2269 1762 tenui
2277 1712 2410 1781 fran-

1402 1795 1535 1844 gentes
1569 1811 1584 1832 ‚
1628 1776 1780 1841 tristem
1815 1795 2049 1827 matronam
2082 1781 2143 1830 his
2186 1782 2411 1833 mulcebant

351 1863 438 1912 gna
451 1861 544 1910 pars
571 1845 734 1908 hostium
768 1845 866 1893 Albi
898 1848 1142 1913 immergitur
1167 1885 1176 1895 .
1213 1854 1248 1894 C
1250 1851 1356 1897 oeteri
1402 1848 1586 1914 promiffis
1621 1879 1635 1899 ‚
1658 1849 1702 1913 si
1729 1845 1887 1914 quando
1921 1866 2011 1894 cum
2033 1851 2174 1915 gratia
2205 1854 2328 1917 Regis
2364 1850 2411 1898 id

357 1913 520 1961 domum
546 1911 746 1963 redeuntes
769 1914 899 1981 illaefi,
934 1914 1122 1964 diuidunt
1135 1915 1313 1984 pradum
1338 1950 1352 1971 ,

342 1982 495 2047 seniori
516 1982 592 2047 fiio
612 1985 763 2052 optima
786 2002 935 2051 quaeque
957 1987 1191 2051 affignantes
1214 2023 1223 2032 .
1257 1989 1352 2035 “Non

345 2048 442 2118 fuit
483 2053 611 2097 minor
661 2054 900 2119 captiuorum
945 2072 1131 2102 numerus
1162 2086 1177 2108 ‚
1250 2073 1350 2101 uam

355 2122 435 2166 tria
457 2116 592 2168 millia
621 2153 636 2173 ,
671 2121 730 2181 ff*
762 2137 813 2167 vt
833 2122 1034 2190 preest-ntes
1063 2074 1322 2182 affirmabant
1338 2156 1352 2176 ,

354 2184 480 2235 mult&
516 2187 693 2255 amplius
727 2227 736 2235 .
773 2192 976 2237 Henricus
1009 2189 1103 2238 verb
1141 2196 1279 2239 Comes
1303 2192 1353 2257 se

355 2257 445 2303 iam
484 2254 660 2323 defts'ffi'
699 2255 1022 2307 animaduertens
1055 2292 1069 2312 ,
1117 2257 1176 2306 ad
1215 2258 1354 2306 vrbem

355 2329 494 2370 Crana
529 2323 686 2373 dietam
711 2342 914 2392 properat,
949 2324 1076 2392 ibique
1099 2331 1130 2372 S
1131 2325 1328 2394 igf'ridum
1339 2359 1354 2379 ,

347 2390 489 2458 filium
523 2395 692 2441 Comitis
726 2391 904 2460 Sigfridi
936 2395 1117 2440 iuuenem
1147 2427 1161 2447 ,
1196 2392 1353 2442 auxilio

346 2459 397 2524 se
431 2458 704 2525 expeflantem
738 2462 866 2509 collato
900 2463 1104 2509 inueniens
1118 2495 1132 2515 ‚
1167 2482 1236 2510 nec
1249 2460 1325 2528 fibi
1336 2496 1350 2517 ,

360 2547 426 2574 nec
459 2526 548 2575 huic
579 2528 719 2577 vllam
753 2532 799 2577 in
838 2528 1032 2578 rebellione
1055 2531 1176 2596 spem
1210 2533 1253 2578 in
1290 2529 1353 2579 his

1397 1916 1492 1982 fieri
1505 1913 1682 1982 potuiffet
1707 1946 1722 1967 ‚
1755 1914 1821 1964 hoc
1841 1932 1965 1964 totum
1987 1936 2041 1963 ex
2047 1918 2131 1984 fica
2147 1934 2258 1984 parte
2277 1920 2324 1985 fi
2347 1938 2410 1967 re-

1409 2000 1620 2032 nouaturos
1664 2019 1673 2030 .
1722 1987 1821 2047 Rex
1864 2000 1999 2031 autem
2046 1985 2265 2035 deuastata
2299 1989 2409 2035 omni

1407 2053 1580 2100 Comitis
1608 2053 1840 2119 proprietate
1879 2085 1893 2105 ,
1935 2052 1998 2114 ff
2028 2073 2120 2100 cum
2149 2053 2320 2123 benefitio
2349 2055 2417 2103 la-.

1407 2118 1446 2169 tc?
1483 2118 1651 2186 diuisa,
1686 2120 1742 2168 ad
1771 2119 1974 2189 Daneberg
1993 2125 2138 2176 venit,
2162 2122 2290 2191 ibique
2301 2144 2412 2172 exer-

1408 2191 1491 2236 citu
1513 2188 1591 2251 fiio
1623 2186 1723 2236 bona
1743 2208 1833 2236 cum
1859 2207 1957 2256 pace
1991 2189 2141 2255 dimiffi
2167 2224 2181 2244 ‚
2209 2193 2410 2240 natiuita-
2481 2227 2485 2234 -

1407 2275 1487 2305 tem
1520 2258 1689 2303 Domini
1724 2257 1929 2323 genitricis
1968 2257 2203 2321 solemnibus
2244 2259 2410 2308 celebra-

1408 2327 1468 2372 uit
1473 2321 1634 2390 gaudijs
1647 2361 1656 2370 .
1696 2324 1794 2372 Inde
1811 2325 2014 2393 profectus
2035 2324 2092 2373 ad
2101 2326 2273 2392 syluam
2293 2334 2325 2374 S
2321 2327 2413 2395 peh-

1407 2389 1568 2441 teshard
1600 2408 1878 2460 nuncupatam
1923 2430 1939 2450 ,
1985 2392 2153 2442 laborem
2193 2396 2411 2464 expeditio·

1408 2480 1498 2507 nem
1528 2457 1715 2508 deliniuit
1732 2461 1947 2526 suauitate
1980 2464 2207 2511 venationis
2235 2501 2245 2510 .
2291 2470 2409 2512 Com-

1400 2527 1512 2595 pleta
1542 2526 1694 2580 ibidem
1733 2530 1970 2578 autumnali
2005 2530 2252 2580 iucunditate
2286 2565 2301 2586 ‚
2322 2555 2327 2558 ·
2340 2550 2409 2601 per

203 2609 329 2645 vari-
355 2594 535 2662 partibus
556 2600 730 2666 promistt
754 2635 764 2645 .
803 2597 994 2647 Tandem
1022 2617 1114 2646 cum
1151 2619 1189 2646 eo
1221 2597 1354 2646 multa
1406 2601 1447 2645 F
1449 2597 1633 2645 ranciam
1667 2599 1830 2664 transijt
1848 2598 1905 2645 ad
1931 2602 2163 2647 Saxoniam
2188 2632 2203 2653 ‚
2231 2599 2408 2650 indicens

204 2649 346 2726 {3¹22sz
360 2663 538 2732 loquutus
555 2699 569 2718 ,
603 2665 786 2714 eamdem
806 2666 983 2714 incendit
1004 2699 1018 2718 ‚
1052 2683 1173 2733 atque
1194 2665 1250 2714 ad
1271 2671 1350 2715 Do-

204 2743 281 2780 uum
290 2744 346 2766 ⁶⁰¹²
360 2732 492 2782 hemiae
511 2749 601 2781 tunc
623 2735 845 2801 inuafirem
867 2733 1127 2792 Dolizlauum
1157 2755 1249 2784 cum
1271 2740 1353 2783 Do-

201 2772 298 2849 sagii:
360 2802 468 2849 mino
499 2805 680 2853 ssrunone
702 2834 721 2857 5
748 2801 979 2871 residuisque
996 2801 1230 2871 fautoribus
1265 2824 1353 2852 con-

409 2935 672 3020 §3181

1406 2664 1478 2782 hisi
1481 2666 1678 2733 proxima
1698 2664 1829 2733 lgyeme
1847 2666 1977 2733 suam
2011 2667 2069 2716 ad
2102 2666 2303 2727 legicni
2332 2689 2407 2717 ex-

1400 2751 1449 2801 pe
1478 2751 1661 2783 itionem.

709 2939 1105 3006 LERvs
1188 2909 2404 3009 ARCHIEPISCOPVS'

745 3038 920 3089 1ubetur
937 3039 978 3091 se
998 3040 1192 3092 abdicare
1214 3040 1602 3111 Archiepiscopatu
1625 3039 2008 3111 magdeburgenfi.

1139 3142 1298 3193 Salutis
1329 3149 1447 3192 Anno
1490 3162 1579 3192 100
1588 3162 1626 3204 3.

245 3266 328 3301 LIII.

226 3307 297 3345 Lib.
306 3317 334 3352 5.

503 3277 621 3325 Atale
633 3282 815 3327 Domini
827 3298 930 3327 cum
943 3282 987 3327 in
1001 3279 1143 3330 Polithi
1155 3282 1354 3346 (Ditma-
1400 3279 1545 3329 §truita
1580 3279 1897 3348 Merseburgenst
1935 3279 2170 3356 Episcopatu
2210 3279 2404 3330 hablenus

538 3362 606 3393 rus
629 3345 803 3412 scribit)
840 3369 939 3397 more
945 3348 1327 3416 priorumdiuinitus
1340 3382 1354 3403 ,
1401 3348 1595 3416 deliquit,
1629 3350 1731 3399 hunc
1765 3348 2020 3415 resumendo,
2055 3347 2318 3416 iniustamque
2331 3351 2402 3415 Je-

357 3431 407 3460 ac
426 3413 663 3463 humanitus
673 3413 891 3465 honorando
905 3419 1076 3484 peregit.
1112 3417 1270 3466 Deinde
1296 3416 1353 3465 ad
1401 3416 1493 3464 dem
1525 3415 1801 3486 relinquendo,
1836 3419 1880 3463 in
1914 3415 2077 3464 vltimis
2099 3415 2252 3483 stiltem
2265 3437 2401 3466 emen-

357 3481 564 3549 Dornburg
595 3485 757 3531 veniens
791 3517 805 3536 ,
837 3487 885 3531 V
875 3483 1099 3551 villigistcm
1142 3487 1353 3554 Archiprae-
1399 3483 1493 3533 dare
1528 3484 1708 3554 voluisset
1740 3522 1750 3531 .

1799 3489 1924 3532 Hunc
1951 3486 2076 3552 primo
2114 3502 2261 3551 propter
2297 3492 2401 3534 Her-

344 3549 479 3616 fidem
505 3570 605 3598 cum
633 3552 770 3599 caeteris
803 3550 1091 3616 familiaribus
1122 3553 1177 3601 ad
1210 3553 1353 3622 Gisile-
1399 3573 1600 3602 mannum
1634 3588 1650 3609 ,
1683 3572 1799 3633 quem
1820 3550 1899 3619 fibi
1928 3551 2034 3600 idem
2062 3552 2218 3619 semper
2252 3556 2296 3601 in
2320 3559 2402 3616 Q·-

356 3637 448 3664 rum
468 3620 528 3665 mi
543 3636 572 3668 tt
600 3618 932 3687 Archiepiscopum
945 3654 959 3674 >
989 3638 1082 3668 tunc
1101 3623 1224 3671 nimis
1239 3625 1352 3692 infir-
1393 3642 1470 3688 gno

1520 3622 1771 3689 summopere
1819 3619 2028 3669 conabatur
2077 3654 2092 3675 ,
2138 3639 2346 3690 praeponere
2374 3646 2400 3674 ·,

354 3703 494 3742 mum.-
517 3705 565 3755 [vt
585 3707 732 3738 memor
754 3692 923 3738 Domini
947 3721 961 3745 ‚
989 3686 1184 3761 quidquid
1218 3690 1351 3760 inde:
1397 3689 1544 3760 odiuit.
1576 3723 1592 3747 ,
1651 3692 1866 3760 posteaque
1908 3754 1911 3756 ‚
1936 3686 2039 3737 data
2097 3689 2191 3740 ⁴hun
2247 3690 2400 3756 suimet

2180 3760 2335 3825 gratia,
