2650 4207
990 211 1115 276 Lib.
1142 210 1265 277 XV.
1291 212 1444 297 Cap.
1470 214 1560 276 111.

111 334 245 369 XXVII
264 304 476 359 Antioco{
512 305 656 354 Perseo
678 305 976 355 Macedonum
1006 311 1115 375 Regi
1137 311 1250 357 Deos

261 372 483 440 primurn,
504 375 655 422 deinde
686 375 870 423 militem
901 394 1004 423 cum
1025 395 1119 424 mos
1156 375 1251 423 effet

261 459 481 509 opponere
514 465 527 499 3
563 446 784 491 Romanus
820 443 906 510 ipse
937 449 1107 491 Senatus
1139 462 1251 491 non.‚

260 509 435 556 audebat
468 510 624 558 bellum
646 512 828 559 indicere
851 546 865 566 ‚
900 511 1152 579 priusquam
1171 511 1253 558 bel-

108 581 213 654 tZler.
260 575 286 622 li
308 577 472 626 causam
503 576 698 626 Pontifex
733 578 985 647 approbaret
1017 618 1025 627 .
1066 583 1119 626 Et
1151 597 1251 625 cum

107 634 428 713 2.1.ac³.‘'1.vrgenti
461 646 636 696 Consuli
675 645 868 694 aduersus
911 644 1134 694 Africanos
1183 664 1250 693 ar-

108 713 172 735 '''²·
257 733 328 760 ma
348 715 529 782 dirigere
545 750 558 769 ,
578 714 760 763 obstaret
780 711 978 762 Pontifex
1001 749 1014 768 ‚
1045 719 1133 782 [20έῖ
1169 714 1250 762 bre-

256 804 303 829 ue
331 783 526 848 diffiderem
548 784 726 850 religioni
743 782 908 831 tandem
919 784 1135 848 fitmmum
1171 782 1250 847 ces-

243 853 301 916 fit
337 854 542 919 imperium
572 890 580 899 .
620 854 743 899 Hanc
790 849 822 898 fi
859 850 1029 898 irrideas
1064 884 1078 904 ,
1114 849 1250 897 illusus

256 918 374 966 cades
400 953 413 972 ,
449 926 493 965 &
519 922 653 968 victus
681 940 694 976 ς
729 937 775 968 vt
812 920 863 967 de
885 922 926 967 P.
956 918 1136 967 Claudio
1158 918 1251 966 Pul-

257 989 364 1034 chro
393 985 576 1037 Consule
608 1022 622 1041 ‚
658 987 835 1055 legimus
871 986 984 1055 apud
1029 986 1202 1035 Florum
1236 1019 1251 1039 ,

258 1057 334 1123 qui
370 1078 444 1104 non
475 1056 526 1103 ab
554 1055 714 1119 hostibus
746 1091 759 1110 ‚
792 1056 869 1122 sed
900 1055 928 1103 d
957 1060 1044 1123 Dq's
1073 1058 1160 1124 ipsts
1177 1056 1252 1122 fic-

253 1141 417 1191 peratas
461 1123 512 1187 cst
544 1159 557 1179 ‚
601 1144 760 1191 quorum
794 1125 974 1191 aafpicia
1019 1124 1251 1192 contempse-

256 1210 323 1240 rat
353 1226 367 1246 ‚
412 1191 469 1239 ibi
497 1192 647 1255 statim
683 1193 792 1258 claſje
822 1193 999 1258 demersa
1028 1227 1043 1246 ,
1079 1196 1150 1240 vbi
1184 1192 1250 1242 ille

250 1263 484 1328 practpitart'
498 1262 627 1329 pullos
648 1263 805 1327 [afferat
827 1295 840 1315 ‚
876 1260 977 1328 quod
993 1278 1166 1328 pugnare
1201 1261 1252 1310 ab

254 1328 314 1377 his
336 1347 558 1384 vetaretur,
593 1328 685 1397 Ipse
708 1346 852 1378 autem
875 1347 950 1397 per
972 1331 1120 1376 iocum
1139 1333 1252 1378 Deos

255 1396 472 1445 irrideret.
509 1403 627 1446 Cum
658 1401 776 1445 enim
813 1416 937 1445 cauea
959 1397 1123 1445 liberati
1159 1398 1252 1467 pul-

253 1464 281 1511 li
304 1484 392 1514 non
415 1464 682 1535 pascerentur
704 1501 718 1521 ,
753 1469 891 1534 mergi
914 1486 983 1514 eos
1014 1469 1060 1513 in
1096 1484 1254 1534 aquam

253 1532 397 1588 iusfir,
436 1552 482 1584 vt
519 1533 714 1583 biberent
736 1569 751 1589 ‚
785 1535 959 1603 quando
993 1536 1254 1584 comedere)

254 1602 416 1651 nollent
433 1642 441 1650 .
480 1605 565 1650 Hic
578 1603 641 1651 ille
655 1603 872 1658 Claudius,
885 1608 1001 1650 cuius
1017 1622 1174 1671 procax
1186 1603 1254 1651 su-

106 969 176 1004 Lib.
192 981 220 1003 2.

107 1022 132 1043 c.
151 1024 179 1046 2.

104 1124 222 1196 iiffv·

104 1633 232 1667 XXIX.

2132 216 2208 289 63

1301 308 1429 356 lrzhoc
1453 310 1564 372 figno
1578 307 1744 361 vinces,
1784 316 1834 365 ›1‹
1862 316 1906 355 Sc
1930 310 2084 356 Crucis
2107 309 2290 357 vexilla-2

1298 392 1390 420 aere
1402 373 1622 423 volitantia
1641 374 1867 423 diffundit.
1907 379 1957 424 In
1981 377 2065 424 hoc
2087 375 2207 444 signo
2233 385 2296 433 >F

1303 460 1391 489 non
1428 459 1516 488 tam
1551 445 1616 488 M.
1665 444 1970 492 Constantinus
2007 445 2130 505 rediit
2167 446 2288 512 supess

1301 525 1395 556 rato
1429 511 1572 556 vietor
1605 507 1656 555 ab
1693 510 1810 557 hoste
1846 513 1998 558 Licino
2032 545 2045 564 ‚
2080 515 2285 558 Maximi-
2323 545 2443 576 Curtios

1299 595 1383 629 no,
1418 579 1642 623 Maxentio
1661 598 1674 634 ς
1711 576 1845 646 quam
1881 580 2063 640 Honorij
2097 613 2109 632 ‚
2144 579 2286 628 Theo·
2305 588 2445 618 0150*ssoe

1297 642 1400 707 dosij
1425 678 1438 697 ,
1474 644 1707 711 Carolingij
1745 678 1758 697 ‚
1794 647 1971 691 Henrici
2007 679 2020 698 ‚
2055 645 2250 695 Othones
2274 682 2287 701 ‚

1297 730 1384 759 non
1397 711 1471 758 alia
1481 728 1642 759 armata
1658 711 1834 758 intulere
1845 709 1960 780 signa
1976 716 2019 760 in
2033 712 2212 770 hostem,
2231 723 2280 772 ›1‹

1297 778 1430 848 quaim
1467 786 1680 833 Crucem,
1715 779 1870 827 Clauos
1893 815 1907 834 ‚
1943 788 1987 828 δε
2022 784 2285 832 Lanceam.

1297 848 1403 896 Bella
1424 850 1606 895 initurus
1620 851 1684 894 M.
1698 847 1962 896 Theodofius
1985 851 2187 917 Imperat.
2203 850 2289 899 haec

1299 917 1393 964 tulit
1405 935 1523 963 arma
1542 950 1555 969 ,
1575 918 1618 962 in
1632 916 1798 963 dextera
1812 923 1997 964 Crucem
2013 952 2026 971 ,
2064 922 2105 965 in
2130 916 2290 967 sinistra

1296 985 1625 1053 Euangeliorum
1658 983 1841 1031 librum:
1879 985 1962 1032 Sub
1984 985 2136 1054 quibus
2161 989 2290 1037 vexil-

1297 1053 1343 1100 lis
1359 1052 1631 1122 Philippum,
1667 1055 1926 1102 &Ioannem
1951 1058 2206 1104 centuriatos
2219 1057 2290 1104 lia-
2356 1102 2358 1104 ,

1296 1122 1388 1170 buit
1425 1121 1651 1191 Apostolos
1684 1160 1693 1169 .
1733 1121 2016 1190 Rudolplium
2052 1123 2104 1171 ne
2142 1143 2289 1193 praete-
2311 1105 2449 1179 ιέιῖζηῖίξ

1296 1209 1386 1238 reas
1423 1189 1693 1239 Austriacum
1726 1225 1740 1244 ,
1775 1209 1876 1237 cum
1914 1191 2171 1260 Aquisgrani
2206 1196 2291 1241 Im·
2311 1196 2429 1259 2³32?

1298 1263 1402 1328 perij
1438 1259 1648 1307 Diadema
1683 1257 1907 1326 susciperet
1931 1294 1945 1314 ,
1981 1264 2291 1331 Sceptrumque
2312 1268 2450 1303 Austriae

1296 1333 1341 1376 in
1378 1345 1590 1397 promptu
1634 1345 1722 1375 non
1769 1326 1864 1375 esset
1899 1366 1913 1386 ,
1957 1329 2063 1377 dum
2111 1331 2293 1378 ministri
2312 1321 2408 1353 ΜΝ

1297 1413 1577 1467 properarent
1613 1400 1658 1444 in
1692 1395 1878 1464 sceptra,
1916 1397 1980 1445 ille
2013 1416 2064 1443 ex
2083 1402 2162 1445 aris
2184 1406 2293 1449 Cru-

1296 1484 1394 1512 cem
1441 1468 1646 1533 arripiens
1678 1499 1692 1519 ,
1739 1466 1918 1531 dignam
1965 1465 2004 1513 se
2049 1466 2181 1514 edidit
2216 1489 2293 1517 vo-

1297 1534 1418 1582 cem.
1456 1542 1547 1584 Hoc
1570 1539 1731 1602 fignum
1746 1538 1806 1581 eff
1821 1568 1835 1588 ,
1852 1541 1902 1591 »Β
1929 1555 1999 1601 quo
2014 1556 2138 1602 genus
2169 1536 2294 1585 homi-
2317 1566 2452 1594 χχχιιι,

1297 1624 1393 1652 num
1424 1637 1438 1658 ,
1482 1603 1542 1665 ᾤ’
1580 1624 1643 1652 nos
1670 1602 1811 1668 fiemus
1847 1603 2034 1687 redempti
2073 1638 2087 1658 ‚
2131 1605 2197 1654 hoc
2232 1627 2296 1672 ego

2309 838 2442 872 XXXI!

252 1670 432 1741 perbaq5
457 1668 575 1720 soror
588 1690 726 1755 ‚xquae
748 1670 772 1719 εἰ
792 1671 1031 1740 spectaculo
1052 1672 1258 1720 ludorum
1299 1677 1448 1739 Sceptro
1489 1678 1539 1728 »Β
1568 1673 1611 1718 in
1648 1691 1779 1719 omnes
1800 1671 1926 1725 mihi,
1977 1680 2038 1733 ff*
2058 1694 2138 1721 meo
2158 1674 2298 1741 infidos

255 1740 446 1794 reuersa,
476 1759 577 1788 cum
598 1761 622 1789 a
652 1738 892 1788 confluente
914 1739 1147 1788 hominum
1161 1759 1258 1810 pre-

253 1895 350 1925 uere
365 1912 379 1932 ‚
413 1884 456 1924 δέ
477 1880 637 1925 iterum
661 1876 829 1926 classem
851 1878 1002 1926 ducere
1017 1894 1088 1932 ,vt
1101 1877 1255 1927 vrbem
1301 1878 1519 1926 Coronide
1542 1910 1556 1930 ‚

1299 1757 1396 1789 vtar
1431 1742 1601 1808 Imperio
1634 1778 1642 1787 .

1692 1739 1769 1787 Sed
1805 1740 1912 1806 quid
1946 1739 2071 1815 longe
2118 1760 2297 1809 permit-

1593 1894 1706 1946 penu
1742 1878 1906 1944 pietatis
1938 1881 2130 1945 aperiant
2163 1917 2172 1926 .
2209 1880 2299 1928 Clo·
2321 1887 2455 1926 sagum,

252 1945 278 1994 :3-
302 1963 418 1994 tanta
439 1945 673 1995 hominum
694 1946 967 1995 multitudine
988 1946 1229 1994 exhauriret
1242 1985 1253 1995 .
1301 1945 1442 1995 doueus
1476 1947 1692 1994 Crotila'em
1715 1964 1803 1992 cum
1825 1944 1980 1995 haberet
1992 1968 2158 1996 vxor-em
2180 1950 2298 1998 Chri.

249 2015 522 2083 Religionem
540 2018 684 2083 itaque
696 2034 784 2065 non
807 2013 944 2063 solum
956 2014 1032 2062 esse
1053 2031 1226 2083 oportet
1241 2049 1257 2069 ,
1289 2014 1349 2079 sti
1384 2014 1618 2063 documenta
1651 2013 1870 2081 ftquentem

2276 2021 2282 2027 .
2321 2003 2453 2030 XXXlV⁴

1900 2049 1913 2068 2
1942 2016 2019 2083 ipft²
2054 2015 2143 2065 vero
2170 2036 2301 2086 gentl—

250 2082 319 2131 sed
356 2090 399 2130 &
429 2082 663 2151 Religioius
689 2086 890 2151 exigeri55
926 2084 1111 2131 minime
1133 2086 1256 2131 enim
1301 2083 1352 2133 lis
1388 2104 1479 2132 cum
1522 2080 1651 2144 sedulo
1699 2081 1970 2133 admoneretur
2004 2091 2105 2135 Deos
2140 2107 2213 2135 non
2242 2091 2301 2136 'co-

249 2147 437 2199 fortunae
448 2169 592 2199 rotam
613 2150 831 2206 ascende5‚
867 2155 910 2202 ni
930 2155 1044 2200 Deus
1071 2152 1256 2220 gradum
1301 2153 1374 2200 lere
1409 2173 1422 2209 ς
1472 2151 1538 2201 ille
1575 2169 1710 2202 autem
1756 2155 1897 2202 veteris
1947 2153 2205 2221 obstruantjae'
2233 2161 2301 2205 in-

251 2218 411 2274 firmet,
422 2219 876 2268 brachiumextendat.
913 2220 1255 2267 IacobiPatriar-
1289 2222 1457 2287 sinerum

249 2288 340 2337 chae
360 2288 587 2358 mysticam
599 2288 757 2336 Scalam
784 2292 973 2342 intuere,
989 2287 1259 2363 superquam
1300 2306 1456 2355 negaret
1499 2327 1508 2335 .

105 2299 217 2336 XXX.

250 2357 482 2406 ascendunt
507 2392 520 2412 ,
566 2363 610 2403 &
635 2356 894 2405 descendunt
932 2357 1085 2424 Angeli
1109 2391 1122 2410 ,
1172 2366 1258 2403 noc

250 2425 309 2475 est
343 2428 416 2490 Dij
453 2430 598 2475 Terrae
629 2460 643 2480 ,
679 2424 905 2473 Pontifices
943 2458 957 2478 ,
993 2429 1128 2493 Reges
1162 2458 1177 2478 ,
1214 2431 1257 2470 &

251 2498 467 2563 Principes
495 2515 503 2541 :
541 2495 758 2542 Dominus
794 2493 852 2542 est
885 2495 1054 2541 innixus
1091 2493 1214 2540 Scalae
1239 2526 1252 2546 ,

251 2563 313 2626 ff
333 2567 556 2613 Dominum
591 2565 786 2611 innixum
808 2562 958 2616 Scala,
993 2562 1125 2612 veluti
1148 2579 1254 2630 pro-

251 2633 449 2681 uidentiae
483 2634 723 2680 Auctorem
755 2665 771 2686 ,
819 2633 898 2699 qui
946 2635 1141 2678 Fortunae
1175 2626 1255 2699 ipfi

251 2707 402 2750 fatum
415 2705 631 2769 imponat.
651 2702 858 2747 Innixum
871 2698 1020 2752 Scalae,
1055 2701 1156 2767 quia
1178 2716 1253 2745 ne-

251 2791 330 2820 mo
352 2771 563 2822 ascendit,
599 2766 677 2815 nisi
698 2770 811 2815 Deus
835 2766 922 2836 ipse
957 2770 1254 2835 Omnipoten-

254 2844 321 2889 tiae
343 2838 517 2888 brachio
537 2836 698 2885 Scalam
712 2836 912 2885 sustentet
925 2871 939 2891 ,
959 2854 1141 2883 manum
1154 2854 1252 2904 por-

251 2912 363 2979 rigat
390 2944 404 2965 ,
438 2906 606 2956 sursum
641 2907 775 2973 erigat
814 2939 829 2960 ,
862 2905 1102 2974 eodemque
1139 2922 1250 2952 tem-

252 2998 359 3048 pore
405 2975 604 3045 superbos
653 2973 766 3021 illinc
804 2975 1042 3042 praecipitet
1076 3011 1085 3020 .
1133 2976 1252 3020 Inni-

239 3057 357 3097 xum
388 3046 497 3110 fiala
522 3079 536 3099 ‚
569 3059 616 3094 vt
652 3041 849 3091 homines
883 3041 961 3090 suo
997 3058 1251 3110 prouocaret

251 3118 303 3167 as
326 3109 424 3164 estu
460 3147 473 3168 ‚
509 3131 597 3161 non
633 3113 751 3159 enim
787 3110 864 3158 sub
899 3109 1002 3158 scala
1034 3144 1048 3164 ,
1084 3109 1149 3159 vel
1184 3127 1250 3157 re-

253 3203 324 3234 tro
355 3182 508 3231 scalam
546 3215 560 3235 ,
593 3180 663 3229 sed
696 3182 742 3228 in
767 3181 989 3227 cacumine
1000 3200 1014 3236 ‚-
1038 3177 1166 3227 veluti
1188 3177 1250 3226 sui

253 3252 420 3303 causam
442 3266 584 3319 ageret
620 3251 664 3296 in
687 3267 784 3302 eos,
821 3250 899 3315 qui
935 3249 1248 3295 Fortunamin-

229 3359 234 3363 .
253 3337 410 3371 uocant
423 3358 433 3367 .
472 3316 603 3389 Qafi
613 3317 771 3365 diceret
784 3317 1000 3364 Dominus
1017 3333 1027 3359 :
1042 3318 1134 3383 Ego
1145 3319 1248 3362 For-

104 2619 217 2664 Genes.

102 2663 153 2695 28.

252 1826 445 1857 meretur
471 1808 594 1857 turba
618 1844 631 1863 ‚
667 1811 834 1878 optauit
846 1805 1025 1857 fratrem
1037 1808 1162 1856 suum
1186 1825 1349 1860 vt·
1385 1807 1769 1858 Christianiffimos
1805 1810 1975 1875 Reges?
2010 1808 2182 1878 lepositi
2217 1815 2298 1879 pro

1479 2222 1530 2288 se
1563 2223 1765 2268 maiorum
1803 2221 2034 2272 traditiones
2067 2223 2301 2273 relatus-am

1559 2291 1729 2338 Interim
1764 2291 1949 2339 Crotildt's
2024 2292 2126 2339 lium
2172 2297 2301 2341 enixa

1300 2356 1351 2420 cst
1381 2389 1395 2410 ,
1430 2359 1495 2404 cui
1530 2355 1769 2404 vocabalum
1799 2359 2017 2407 Clodomiro
2041 2360 2135 2427 fuit
2168 2399 2176 2408 .
2212 2363 2300 2426 Qt'

1301 2423 1510 2486 christiano
1551 2444 1653 2472 more
1698 2423 1890 2492 baptismo
1936 2426 2093 2477 ablatas
2126 2463 2140 2483 ‚
2191 2432 2300 2478 intra

1294 2510 1442 2559 paucos
1475 2491 1557 2540 dies
1591 2494 1759 2540 moritur
1775 2530 1784 2539 .
1823 2497 1963 2543 Huius
1982 2499 2187 2544 interitum
2201 2503 2298 2561 Qx

2149 2564 2298 2632 infan-

1295 2647 1374 2678 tem
1413 2627 1465 2676 ab
1500 2631 1615 2677 iratis
1649 2633 1737 2696 Dq‘s
1770 2629 2021 2698 alfiomptnm
2053 2666 2066 2686 ,
2110 2636 2208 2700 quia
2244 2635 2300 2682 il-

1295 2697 1383 2745 lum
1418 2698 1572 2747 Christo
1594 2697 1672 2762 fico
1709 2701 1871 2764 Regina
1908 2699 2113 2765 dedz'caffit
2138 2740 2147 2748 ‚
2186 2706 2297 2752 Gra—

1295 2765 1397 2814 uida
1428 2768 1574 2814 iterum
1615 2765 1789 2813 Crotilde
1818 2766 1957 2834 effefta
1990 2802 2003 2822 ‚
2038 2768 2190 2817 editum
2221 2774 2296 2820 ite-

1293 2854 1384 2882 rum
1417 2833 1619 2901 infantem
1654 2837 1790 2882 Sacris
1832 2836 2067 2899 Christianis
2109 2841 2247 2899 initiat
2286 2879 2294 2887 .

1293 2908 1483 2970 Moxque
1530 2921 1579 2950 vt
1628 2923 1719 2949 eum
1761 2903 1884 2951 morbo
1921 2904 2166 2954 laborantem
2202 2913 2299 2970 Rex

1292 2974 1442 3039 accepit
1486 2990 1497 3016 .·
1545 2974 1663 3018 vxort'
1711 2971 1962 3038 &Hgionem
2008 2976 2240 3043 improperat
2286 3010 2300 3030 ‚

1293 3045 1464 3089 Deorum
1494 3041 1660 3106 fhorum
1695 3040 1849 3106 seilicet
1889 3041 2114 3105 Maiestam·
2155 3047 2298 3093 inimi-

1293 3128 1386 3156 cam
1417 3147 1426 3156 .
1471 3111 1632 3175 Regina
1668 3107 1854 3157 aduersas
1887 3113 2009 3176 ΜΛ
2032 3111 2207 3177 querelas
2220 3131 2298 3179 pa-

1291 3179 1478 3226 tientiam
1521 3210 1535 3230 ,
1554 3176 1738 3243 spemque
1770 3176 1958 3226 adhibens
1980 3211 1994 3231 ,
2026 3185 2223 3244 agrotantt'
2238 3183 2297 3248 fi-

1291 3246 1342 3295 lio
1350 3244 1533 3312 salutem
1559 3247 1637 3292 Dei
1663 3243 1902 3312 benignitate
1921 3247 2145 3313 impetrauit
2170 3286 2178 3294 .
2203 3255 2296 3296 Per—

1290 3316 1418 3362 tinaci
1453 3331 1591 3361 autem
1625 3318 1670 3360 in
1700 3332 1819 3360 errore
1849 3312 2034 3362 Clodoueo
2077 3313 2220 3363 bellam
2251 3320 2295 3364 in

1297 2564 1341 2608 in
1385 2559 1632 2628 Religionem
1677 2563 1817 2609 vxoris
1865 2579 1978 2610 trans
2004 2582 2060 2611 ert
2091 2585 2105 2611 .·

253 3407 368 3439 tunae
379 3392 551 3435 Fatum:
587 3405 668 3455 ego
681 3403 758 3455 per
779 3402 913 3453 quem
926 3385 1074 3431 omnia
1096 3381 1247 3430 iuben-
1293 3383 1542 3430 Alemannos
1566 3380 1811 3444 instauratur
1835 3419 1844 3428 .
1884 3381 2109 3444 constitutis
2129 3386 2174 3430 in
2205 3406 2294 3433 con-

254 3475 325 3506 tur
336 3457 439 3505 stare
453 3458 639 3503 Decreto
675 3492 686 3501 .

731 3455 810 3501 Vis
822 3450 1012 3500 hostium
1023 3450 1250 3520 praeclaros
1263 3473 1267 3474 ⁷
1281 3450 1426 3517 [υεὲἶιι
1445 3451 1630 3516 vtrinque
1653 3448 1892 3498 exercitibus
1911 3468 2056 3498 manus
2067 3452 2287 3517 conserunt.

251 3527 404 3575 ducere
440 3521 720 3591 triumphos?
756 3538 810 3568 en
847 3517 990 3569 tessera
1022 3519 1249 3572 militaris,
1293 3525 1526 3584 Pugnatum
1551 3536 1641 3564 cum
1661 3514 1733 3563 dia
1753 3517 1836 3582 effic
1871 3537 1885 3562 :
1918 3521 2091 3566 Francis
2128 3518 2295 3567 cedenti-

251 3597 333 3660 (in
354 3594 574 3641 cacumine
609 3588 732 3639 Scalae
757 3591 860 3636 noui
897 3586 1162 3636 Testamenti
1191 3586 1250 3633 al·
1294 3585 1362 3634 bus
1384 3588 1495 3633 timet
1517 3583 1596 3651 fibi
1624 3582 1835 3660 Clodoueus
1857 3604 1870 3629 .·
2024 3654 2028 3659 ῃ

82 3691 216 3737 3331,
249 3663 448 3734 loquitur
483 3662 651 3727 Magno
687 3656 975 3707 Constantino
1009 3653 1251 3721 Christus)
1297 3653 1412 3702 Hans
1427 3690 1438 3700 .
1462 3657 1572 3701 Deus
1588 3652 1609 3718 (
1620 3653 1906 3720 inqutt)quem
1920 3651 2044 3700 Crotzl

1907 3589 1943 3630 C
1944 3583 2130 3699 ιείιιηίἵιιε
2147 3586 2291 3653 sicspe-

2072 3654 2107 3700 is
2117 3652 2186 3700 reli
2182 3655 2291 3719 giose}

2108 3740 2226 3768 vene-
