2650 4207
445 266 529 332 62

1213 269 1356 335 Belli
1402 272 1588 335 'Aleaq
1654 324 1662 331 ,

360 363 464 416 'rum
474 363 553 417 est,
594 364 827 415 Timebant
840 384 974 415 nauta·
988 366 1261 422 ,arbitrantes
1281 387 1350 418 na-
1372 371 1382 385 '
1404 367 1471 415 bes
1487 368 1696 436 ,Solemq3
1717 369 1936 417 reducunt,
1954 375 2117 439 Cumq;
2130 372 2397 440 priusstride4

362 452 464 481 uem
474 433 596 483 solito
610 454 734 484 onere
749 439 1001 504 praegrauari
1015 475 1024 484 .
1061 436 1166 485 Inde
1191 455 1349 488 mare)

360 503 515 570 piaculi
546 507 759 571 agitatum
782 505 948 552 turbine
972 540 985 559 ,
1014 507 1225 552 mercium
1258 522 1351 552 ten-

363 587 457 618 tant
480 569 640 639 placare
661 570 884 640 naufragio
908 612 917 621 .
954 573 1031 620 Sed
1055 569 1207 621 fortius
1233 576 1347 622 intu-

356 637 567 689 mescente
579 658 713 694 mare,
725 659 859 690 nautae
870 659 997 689 onera
1010 645 1154 688 omnia
1165 644 1209 688 in
1221 661 1350 712 aquas

357 709 619 776 proijciunt,
655 726 701 758 vt
737 710 1080 778 magnitudinem
1114 708 1346 759 fluctuum„

360 775 626 824 nauisleuior
649 776 893 826 transiliret.
934 781 1025 825 Nec
1038 775 1174 825 adhuc
1193 797 1346 828 mare.)

357 843 540 911 quiescit
553 866 564 900 3
576 843 643 892 sed
656 844 787 893 fluctu
797 844 988 893 saeuiente
1001 881 1014 901 ,
1025 849 1124 915 quia
1136 846 1345 894 lacerata-2

355 916 517 981 puppis
540 916 815 981 immergitur
837 914 980 962 vnclis:
1013 912 1091 982 ipsi
1113 913 1205 963 vasa
1226 950 1239 969 ,
1264 914 1347 963 {ar-

357 983 473 1028 cinas
488 1015 501 1036 ,
526 985 773 1049 margaritas
794 981 993 1031 exhibent
1017 984 1214 1037 tandem,
1233 983 1349 1050 quasi

358 1053 527 1117 parenti
540 1048 642 1096 filias
665 1049 929 1097 restituerent
952 1072 964 1108 ;
1001 1068 1048 1100 vt
1070 1052 1348 1121 tranquillita-

357 1119 448 1163 tem
463 1121 590 1164 maris
603 1152 617 1173 ‚
637 1136 771 1187 quam
793 1118 990 1186 ponderis
1013 1121 1347 1186 magnitudine)

352 1203 506 1253 parare
527 1204 616 1234 non
638 1203 835 1254 poterant
859 1221 873 1240 ,
908 1186 1201 1234 inaestimabilis
1223 1192 1346 1256 pretij

353 1253 562 1321 qualitate
598 1254 887 1303 redimerent.
928 1258 1022 1303 Nec
1041 1255 1203 1304 ceffauit
1233 1276 1348 1306 mare

354 1320 382 1370 ai
393 1319 560 1370 feruore
571 1324 646 1372 suo
658 1357 671 1377 ,
681 1322 771 1371 imo
782 1341 961 1371 munera
971 1324 1249 1393 dedignatum
1270 1326 1347 1374 ob-

352 1389 441 1438 lata
472 1426 485 1445 ,
523 1394 569 1440 in
599 1390 743 1441 littore
775 1394 970 1440 euomuit
1009 1431 1018 1440 .
1063 1393 1133 1442 Vs
1158 1413 1206 1441 ue
1242 1395 1348 1442 dum

350 1477 530 1527 proreta
551 1495 565 1514 ,
601 1462 718 1507 cuius
742 1476 830 1508 erat
854 1460 1028 1510 timidos
1050 1412 1253 1511 conciolari
1280 1483 1349 1512 ve-

348 1530 494 1575 &tores
508 1528 674 1582 ,videns
688 1528 807 1598 quod
830 1530 901 1577 vix
924 1530 1131 1578 emineret
1144 1549 1349 1599 aequore)

350 1595 489 1643 malus
513 1631 526 1651 ,
556 1599 709 1644 Ionam
748 1596 1038 1645 dormientem
1067 1602 1222 1648 excitat
1255 1635 1270 1654 ,
1304 1607 1348 1646 &

352 1681 532 1732 arguens
553 1664 782 1713 securitatis
813 1668 1067 1734 improuidae
1098 1703 1113 1723 ,
1148 1687 1349 1717 commo-

353 1748 454 1786 net,
491 1750 538 1783 vt
558 1738 673 1782 cuius
702 1732 796 1781 effet
826 1753 1059 1785 commune
1082 1738 1318 1808 periculum
1338 1772 1350 1791 ‚

353 1806 602 1850 communis
637 1801 731 1851 effet
766 1806 905 1851 oratio
940 1842 951 1852 .
988 1804 1242 1855 Clamabant
1277 1809 1352 1854 ita-

352 1888 466 1937 que,
492 1870 606 1919 vnus
633 1871 778 1940 uisque
810 1871 861 1920 ad
885 1873 1028 1920 Deum
1063 1873 1188 1921 suum
1208 1910 1223 1930 ,
1257 1875 1352 1925 vlu-

352 1938 442 1986 latu
459 1892 719 2008 rumpebant
744 1939 897 1988 aethera
929 1975 943 1996 ,
979 1944 1078 2010 quia
1113 1946 1200 1990 iam
1237 1963 1351 2013 pnp-

351 2010 420 2124 pis
448 2026 712 2076 mergeretur
734 2008 925 2078 procellis
948 2049 957 2057 .
994 2009 1121 2059 Hisce
1151 2012 1351 2060 clamori-

386 2094 431 2123 us
456 2081 659 2126 excitatus
682 2079 975 2148 Hieronymus
998 2097 1088 2128 non
1121 2084 1283 2129 minori
1305 2083 1351 2129 in

352 2141 583 2214 naufragos
619 2149 679 2193 ira
702 2143 863 2195 feruere
884 2147 1050 2197 videtur
1074 2183 1087 2204 ,
1116 2149 1253 2218 quam
1273 2168 1349 2199 vn-

350 2213 417 2261 dis
438 2233 554 2263 mare
570 2214 780 2263 aestuaret.
819 2219 1048 2264 Dementes
1072 2234 1210 2266 nautae
1231 2221 1252 2285 ζ
1263 2221 1347 2265 im-

351 2298 606 2351 properatur
629 2286 920 2353 Hieronymus
943 2294 954 2343 )
974 2304 1113 2335 coecus
1137 2305 1305 2354 proreta
1327 2295 1349 2334 ?

353 2368 442 2398 non
467 2351 614 2400 videtis
642 2386 655 2406 ,
691 2352 805 2401 haud
839 2357 1052 2403 mercium
1087 2356 1311 2423 pondere)
1333 2388 1347 2409 ‚

351 2417 424 2467 sed
435 2423 594 2486 peccati
614 2438 770 2467 nauem
792 2420 1073 2488 procumbere
1087 2461 1096 2469 .
1135 2422 1273 2471 Vultis
1285 2440 1348 2469 ra-

351 2487 470 2538 biem
490 2490 780 2556 comprimere
800 2492 928 2538 maris
954 2523 967 2543 ,
1001 2494 1152 2540 Ionam
1175 2493 1349 2559 proijci..

345 2572 423 2612 te,
451 2574 606 2623 magna
638 2559 718 2603 erit
755 2556 1032 2626 tranquillitas
1067 2597 1075 2606 .
1113 2559 1348 2628 Inspicit&

351 2642 500 2678 mare,
519 2626 734 2673 Creatoris
757 2627 865 2673 iram
901 2624 975 2675 suo
993 2624 1161 2676 feruore
1186 2627 1347 2677 testari:

348 2695 399 2741 in
433 2690 670 2761 fugitiuum
700 2693 964 2762 Prophetam
993 2692 1141 2745 saeuire
1178 2694 1350 2745 naufra-

352 2764 478 2830 gium
514 2800 523 2811 ,
561 2761 680 2829 Qid
713 2761 883 2831 prodest
926 2765 1140 2813 mercium
1182 2766 1313 2814 iaetus
1335 2800 1350 2820 ,

352 2848 459 2877 cum
513 2829 650 2879 diuini
702 2830 869 2899 pondus
919 2834 1081 2900 premit
1133 2835 1308 2902 Imperij
1334 2846 1348 2885 ἓ

351 2901 451 2945 Won
510 2897 738 2964 intelligunt
788 2899 810 2963 (
849 2900 1081 2948 Concludit
1133 2903 1350 2971 Hierony-

350 2983 450 3013 mus
474 2966 494 3030 )
519 2983 644 3014 totum
658 2966 812 3034 pondus
839 2967 904 3031 ‘ff'
930 2969 1116 3036 Prophetae
1125 2968 1304 3036 fugitiui
1338 3009 1347 3019 .

350 3039 422 3082 Co
454 3050 668 3083 nonerunt
705 3034 879 3083 tandem
910 3070 925 3090 ,
959 3042 1003 3082 ὃς
1039 3055 1140 3084 cum
1175 3040 1349 3087 Ionam-1

349 3052 557 3150 miffffent
577 3103 623 3150 in
642 3120 786 3157 mare,
805 3101 918 3153 stetit
939 3122 1058 3152 mare
1094 3105 1119 3155 a
1148 3125 1349 3155 commo-

353 3170 472 3220 tione
501 3168 572 3219 sua
605 3208 613 3219 .
650 3173 773 3220 Stetit
803 3189 920 3222 mare
952 3206 966 3226 ,
1001 3176 1101 3241 quia
1131 3176 1349 3223 inuenerat

350 3255 488 3305 quem
509 3236 744 3304 quaerebat:
768 3239 912 3287 Veluti
938 3238 970 3287 fi
992 3243 1088 3308 quis
1111 3238 1350 3311 fugitiuum

352 3303 576 3374 insequens
590 3309 786 3358 ,concito
806 3325 952 3376 pergat
976 3309 1112 3376 gradu
1130 3344 1145 3364 ,
1164 3329 1268 3361 cum
1287 3309 1349 3360 as-

351 3372 942 3442 sequitur,curreredestitit;
967 3384 1010 3426 δέ
1034 3393 1178 3428 tenens
1191 3397 1351 3448 ,quem

352 3438 830 3510 apprehendit‚illudi't.
869 3446 933 3492 Ita
962 3450 1006 3491 &
1036 3464 1153 3494 mare
1184 3481 1198 3502 ,
1231 3447 1352 3515 quod
1376 3439 1455 3496 lest
1476 3451 1643 3498 Domus
1664 3452 1746 3498 Dei
1770 3484 1785 3504 ,
1821 3449 1932 3499 vnde
1955 3455 2150 3502 Dominus
2184 3453 2293 3501 dedit
2326 3475 2398 3502 vo-
2417 3456 2554 3501 Uul-45·

351 3510 459 3559 Iona
478 3507 731 3559 irascebatur
750 3510 921 3563 absente
946 3514 1103 3566 ,modo
1116 3517 1160 3562 in
1172 3516 1351 3565 vinculis

1401 453 1465 482 ret
1479 438 1691 504 Aquilone
1703 436 1884 505 procella
1896 473 1909 493 ,
1922 455 2034 485 nunc
2054 440 2202 507 placidi
2224 441 2394 489 cursum

1403 504 1504 551 dant
1521 504 1730 573 puppibus
1741 504 1891 553 austri.
1930 510 2168 575 Emergunt
2188 509 2304 562 vasa,
2325 509 2394 556 su-

1405 590 1633 639 pernatant
1645 573 1818 628 dolia‚&
1831 578 1951 623 vnius
1963 577 2065 635 Ione
2076 575 2288 644 placatum
2301 597 2393 624 mu-

1404 658 1501 687 nere
1513 659 1647 698 mare,
1658 644 1818 688 irarum
1831 642 1994 690 resonat
2005 643 2143 691 causas
2156 683 2165 691 .
2188 648 2394 709 Miftruszt

1405 713 1549 756 Ionam
1571 713 1614 757 in
1634 729 1745 757 mare
1760 745 1772 765 ,
1807 710 1868 771 ff*
1889 713 2047 776 ceffimit
2068 732 2177 761 mare
2199 712 2227 759 a*
2238 712 2394 779 feruore:

1399 777 1491 839 [ico.
1529 782 1663 846 Reges
1698 778 1926 826 erudimini
1962 782 2173 849 Principes
2198 815 2210 834 ,
2245 799 2391 848 pecca-

1402 860 1549 892 torum
1583 846 1830 915 procumbit
1841 866 1967 896 onere
1986 851 2178 915 regimen
2199 883 2213 902 ,
2248 856 2291 895 ὃς
2313 849 2393 896 ho-

1400 911 1528 960 stium
1550 949 1563 968 ,
1594 915 1963 984 Barbarorumque
1993 915 2180 964 turbines
2201 935 2354 985 vrgent
2376 941 2390 975 ,-

1401 1000 1479 1028 nec
1509 982 1750 1031 alleuiabitis
1781 986 1973 1032 militum
1993 984 2116 1032 donis
2139 1019 2152 1038 ,
2184 1003 2388 1033 annona„

1399 1047 1609 1098 frumenti
1638 1087 1652 1106 ,
1697 1059 1741 1098 &
1788 1055 1975 1101 vic‘timis
2020 1056 2343 1101 innocentium„
2379 1093 2387 1101 .

1402 1122 1671 1167 Nocentium
1707 1122 1849 1189 potius
1886 1120 2009 1169 libate
2045 1120 2220 1180 hostias5
2252 1119 2392 1170 foeno-

1400 1205 1471 1244 ra,
1504 1191 1674 1235 iniurias
1691 1224 1703 1243 ,
1727 1190 1929 1237 adulteria
1951 1224 1965 1244 ,
1989 1188 2149 1259 piacula
2180 1189 2364 1239 soluite.)
2378 1225 2391 1245 ,

1400 1271 1594 1324 Vtrumq3
1608 1274 1709 1304 tunc
1721 1258 1830 1305 clara
1840 1263 2063 1306 Oceanum
2083 1274 2177 1306 rota
2185 1258 2392 1327 spectabit

1398 1326 1561 1393 Imperi
1563 1332 1589 1388 j.
1601 1326 1809 1392 [Histrum
1820 1331 1961 1374 Ionam
1970 1330 2147 1379 inmare,
2162 1327 2223 1388 (ὄχ’
2233 1331 2394 1395 cessauz't

1399 1412 1510 1440 mare
1533 1392 1815 1461 dferuorefiw
1849 1432 1858 1441 .
1896 1397 1962 1441 De
1992 1414 2080 1446 vno
2113 1393 2296 1445 solicitus
2326 1399 2393 1444 in-

1433 1464 1542 1508 uirat
1575 1461 1750 1510 bellator
1787 1463 1808 1527 ζ
1841 1461 1975 1510 aiebat
1996 1465 2157 1514 Achior
2185 1464 2237 1511 ad
2260 1467 2391 1513 Holo-
2412 1468 2516 1502 hadal,

1400 1480 1599 1590 ssernem)
1633 1552 1688 1580 an
1721 1531 1831 1591 hostis
1853 1533 2033 1597 reccffi’rit
2064 1532 2092 1580 d
2124 1534 2230 1581 cultu
2252 1539 2390 1581 Domt-

1401 1602 1444 1647 ni
1478 1602 1558 1646 Dei
1566 1602 1642 1666 sui
1663 1638 1672 1647 .
1711 1601 1863 1646 Vnum
1893 1604 2157 1649 exercituum
2186 1599 2392 1650 formides

1401 1669 1544 1714 Deum
1570 1704 1584 1723 ,
1620 1684 1667 1718 vt
1695 1668 1747 1715 ad
1770 1668 2057 1717 Alexandrum
2095 1673 2301 1718 Germani
2327 1705 2340 1726 ,
2369 1671 2394 1719 a

1400 1754 1490 1805 quo
1510 1739 1789 1805 interrogati,
1823 1736 2052 1805 postquam
2074 1758 2223 1787 omnes
2243 1742 2393 1786 Danu-

1400 1804 1456 1868 bij
1479 1804 1638 1853 accolas
1674 1805 1750 1853 suo
1773 1804 2020 1874 subiugasset
2041 1810 2246 1877 imperim
2267 1807 2394 1876 quid-

1399 1891 1502 1920 nam
1540 1876 1585 1921 in
1621 1873 1742 1921 rebus
1776 1873 1973 1922 humanis
2007 1894 2093 1944 prae
2135 1880 2290 1924 caeteris
2324 1895 2395 1923 ex-

1401 1941 1666 1990 timescerent
1687 1955 1701 1993 ?
1733 1951 1748 2001 .(
1760 1942 2001 1991 existimans
2025 1948 2213 1993 nominis
2248 1944 2310 1993 sui
2332 1942 2395 1992 fa-

1398 2029 1518 2058 mam
1539 2010 1660 2080 super
1681 2014 1829 2059 omnia
1862 2011 1938 2059 illis
1962 2013 2219 2068 terribilem,
2241 2020 2284 2060 &
2308 2010 2396 2061 for-

1396 2079 1652 2128 midolosam
1684 2080 1861 2147 videri)
1890 2080 2230 2164 responderunt:
2270 2083 2396 2132 ‘Nobis
2424 2110 2535 2144 xxv,

1397 2149 1462 2199 hoc
1484 2148 1786 2218 formidolosam
1816 2152 1946 2217 primo
1981 2183 1996 2203 ,
2029 2172 2074 2199 ne
2098 2151 2208 2219 forte2
2242 2150 2398 2198 Caelum

1395 2216 1611 2285 aliquande}
1643 2220 1687 2264 in
1717 2239 1783 2265 nos
1816 2235 1912 2265 ruat
1943 2236 1952 2263 :
2001 2218 2175 2288 oblique
2218 2219 2397 2267 Alexan-

1396 2285 1527 2333 drum
1558 2281 1744 2332 fortuna:
1778 2284 2000 2333 edocentes
2023 2287 2361 2337 viciffitudinem
2383 2307 2398 2344 3

1394 2371 1441 2401 ea
1470 2355 1588 2401 enim
1615 2387 1628 2407 ,
1660 2372 1756 2421 quae
1781 2354 2028 2403 Macedonis
2051 2356 2208 2425 polluta
2236 2357 2398 2405 adulte-

1396 2424 1490 2474 rio,
1513 2421 1752 2469 Alexandro
1785 2422 1936 2470 orbem
1971 2423 2180 2473 obtulerat
2214 2459 2228 2480 ,
2260 2425 2400 2474 orbea

1396 2487 1491 2558 ipso
1527 2490 1717 2537 reuoluta
1751 2525 1765 2544 ,
1805 2494 1891 2537 iam
1932 2510 2068 2541 nouos
2109 2494 2399 2563 aucupabatur

1396 2555 1597 2606 amasios.
1636 2563 1751 2607 Stare
1799 2559 1886 2628 ipsa
1910 2579 2010 2608 cum
2034 2579 2215 2632 nequeat
2237 2597 2251 2618 ,
2271 2580 2318 2610 tu
2339 2566 2399 2630 ip-

1396 2626 1487 2675 sam
1524 2626 1712 2676 firmabis
1746 2645 1964 2676 rotantem
1988 2664 2003 2684 ,
2038 2629 2071 2677 fi
2105 2635 2215 2679 inter
2245 2631 2400 2679 milita-

1397 2714 1461 2743 res
1487 2698 1628 2766 copias
1651 2730 1664 2750 ,
1703 2700 1897 2744 Numina
1919 2697 2078 2747 delecta
2099 2698 2270 2748 habeas.
2308 2700 2399 2748 Bel-
2420 2709 2536 2743 XXVI

1396 2764 1492 2812 licas
1516 2763 1635 2812 tubas
1663 2799 1677 2819 ‚
1713 2785 1762 2812 ex
1782 2786 1834 2813 eo
1856 2764 1980 2814 habes
2016 2786 2092 2815 cur
2115 2771 2312 2816 inmanu
2334 2774 2400 2817 Sa-

1396 2832 1627 2881 cerdotum
1664 2832 1798 2882 lossies
1831 2835 1993 2883 dederit
2023 2870 2038 2890 ,
2081 2855 2270 2905 quorum
2304 2835 2399 2885 esset

1399 2900 1622 2950 clafficum
1654 2919 1826 2957 canere,
1859 2922 1936 2952 aere
1956 2906 2065 2952 ciere
2098 2908 2212 2955 viros
2238 2941 2252 2962 ,
2284 2925 2400 2953 mar-

1398 2986 1575 3038 temque
1596 2970 1819 3019 accendere
1845 2989 1998 3021 cantu.
2033 2975 2245 3022 Homines
2275 2993 2400 3022 cum..

1396 3055 1485 3086 non
1513 3037 1587 3085 soli
1612 3073 1625 3093 ,
1660 3037 1727 3088 sed
1752 3046 1794 3086 &
1815 3043 1930 3088 Deus
1963 3043 2208 3090 excitandus
2233 3042 2329 3090 esset
2348 3041 2400 3090 ad

1396 3124 1514 3153 arma
1539 3139 1553 3160 ,
1588 3111 1843 3156 conueniens
1865 3126 1955 3156 erat
1985 3127 2033 3160 vt
2071 3111 2298 3159 tibicinum
2331 3108 2400 3158 of-

1398 3173 1491 3223 ficia
1516 3193 1713 3242 gererent
1724 3178 1992 3232 Sacerdotes,
2028 3185 2072 3224 &
2094 3178 2256 3227 bucinae
2284 3179 2399 3227 clan-

1397 3261 1548 3310 gorem
1568 3245 1864 3293 exordirentur
1885 3245 1938 3293 ab
1963 3248 2073 3293 Arca
2085 3251 2164 3295 Dei
2188 3283 2201 3303 ,
2236 3248 2319 3296 hoc
2342 3246 2400 3294 est

1398 3312 1586 3381 Templo
1611 3347 1624 3366 ,
1658 3313 1729 3362 vbi
1763 3316 1930 3364 viuente
1964 3319 2185 3384 Synaooga
2228 3351 2242 3369 ,
2276 3320 2398 3385 quie-

1397 3397 1514 3428 uerat
1537 3380 1671 3449 gloria
1696 3385 1878 3430 Domini
1890 3404 1902 3439 ;
1938 3399 2053 3430 nunc
2065 3358 2241 3432 ffcclesia
2257 3419 2269 3438 ,
2305 3404 2399 3452 qua?

1398 3537 1481 3565 cem
1497 3518 1618 3581 fliam
1634 3552 1648 3572 ,
1668 3519 1728 3579 (ιῇ
1758 3534 1868 3566 mota
1901 3523 1962 3566 eff
1997 3538 2097 3568 terra
2122 3543 2135 3568 .·
2169 3521 2400 3570 conturbatae

353 3578 941 3648 captiuum,ducens,gaudet
956 3580 1202 3632 :subfistunt
1212 3583 1352 3640 vndae,
1385 3585 1490 3651 fiont
1504 3603 1637 3652 gentes
1660 3619 1674 3639 ,
1696 3587 1756 3648 ψ
1776 3586 1972 3635 inclinata
1982 3594 2087 3656 sunt
2111 3609 2228 3657 regna
2262 3627 2271 3636 .
2310 3593 2397 3639 Ro·

353 3645 471 3695 vasto
482 3644 656 3714 fugiunt
678 3647 830 3698 aethere
849 3648 1013 3708 nimbi;
1035 3650 1263 3720 omnisque
1285 3671 1350 3703 re.-
1398 3657 1536 3702 manis
1560 3689 1574 3709 ,
1608 3656 1686 3721 qui
1703 3654 1756 3702 ab
1788 3653 1976 3702 Hebraeis
2006 3656 2191 3724 plurima
2222 3674 2398 3705 mutua-

351 3731 480 3784 pente
489 3714 647 3765 recedit
669 3714 790 3767 flatus
804 3756 814 3768 .
850 3717 1049 3788 (3qustae
1070 3716 1245 3788 fugiunt
1269 3738 1351 3771 nu-

1401 3723 1436 3789 ti
1467 3721 1568 3771 sunt
1597 3721 1829 3793 Religionis
1861 3724 2053 3794 exempla
2075 3759 2090 3781 ,
2125 3725 2366 3842 Hanagbalr
2383 3760 2399 3781 ,

2278 3811 2327 3843 n-

2366 1538 2370 1543 ·
2412 1520 2529 1586 {2²in

2418 2819 2519 2863 Iosues

2419 2863 2519 2904 caph,
