2650 4207
108 265 179 298 Sal.

112 311 213 342 Anno

112 505 202 536 1007·

114 742 203 779 1008.

108 1223 197 1252 1009-

110 1464 191 1500 ior·

116 2136 209 2172 '1012-

120 2525 208 2567 τοῖς

121 2925 198 2962 1014

1039 198 1165 262 Lib.
1179 196 1302 261 XV.
1328 199 1482 284 Cap.
1496 203 1536 264 Ι.

782 297 822 344 Si
833 295 960 344 boues
973 294 1193 342 calcitrent
1206 329 1219 349 ,
1232 312 1283 341 ne
1295 292 1396 343 fides
1408 297 1600 345 manibus
1614 319 1624 344 .-

746 364 837 413 Sola
846 381 995 411 manus
1007 365 1188 409 Domini
1200 357 1415 430 confregit
1425 367 1623 413 inimicos
1636 405 1644 413 .

679 435 757 484 Sed
771 431 883 481 vnde
903 430 1150 478 libitinarius
1171 427 1312 477 feralia
1338 433 1427 497 agit
1448 433 1715 500 Imperator?

786 496 968 548 Nonnisi
988 498 1155 546 Orbem
1178 496 1324 565 sepelit
1347 501 1614 567 Imperator.

786 571 951 615 Minori
962 565 1084 613 habes
1109 565 1322 633 Reliquias
1348 581 1620 634 martyrum?

680 636 908 688 Romualdi
919 654 1021 682 cum
1031 631 1113 681 offa
1128 633 1462 701 reposuit,carita
1469 652 1556 682 tem
1567 636 1713 684 eduxit
1729 675 1739 685 .

676 710 771 754 Iure
782 706 999 772 Sanguinis
1013 700 1316 770 Episcopatum
1325 705 1514 770 exigenti
1539 703 1704 753 sororio
1717 739 1732 759 ,

1017 774 1093 818 Ait
1126 772 1336 817 Henricus
1362 790 1372 814 ε

776 844 938 892 Darem
951 874 964 894 ,
1001 842 1046 887 ni
1061 842 1235 908 pretium
1249 842 1472 905 Sanguinis
1494 842 1613 908 esset.

916 914 1036 957 Sacra
1048 942 1061 962 ,
1072 906 1281 975 Religiosa
1293 941 1308 961 ,
1327 910 1479 954 Sansta

916 980 957 1025 Si
981 976 1130 1024 nulllus
1142 973 1240 1022 sunt
1266 976 1310 1023 in
1336 974 1484 1026 bonis?

709 1046 835 1094 Vnde
846 1047 1066 1095 dexteram
1079 1042 1195 1092 dabit
1207 1042 1343 1093 homo
1356 1078 1369 1098 ‚
1396 1049 1439 1089 &
1450 1041 1660 1091 sinistram
1674 1079 1688 1099 ‚

746 1121 891 1185 Qam
901 1112 1099 1163 affinibus
1110 1114 1224 1160 Deus
1245 1112 1344 1161 dare
1369 1130 1457 1160 non
1481 1115 1651 1182 potuit?

883 1183 1047 1246 Iustitia
1059 1181 1240 1249 ,ὤφειλε
1263 1180 1489 1248 deosculatae
1501 1216 1515 1236 ,

883 1254 1007 1300 Hanc
1029 1267 1162 1300 vnam
1183 1250 1311 1298 tulere
1348 1249 1485 1318 legem
1504 1284 1519 1304 ‚

951 1325 993 1369 F
994 1319 1128 1368 ruilus
1148 1318 1309 1383 lustitiae
1331 1325 1428 1366 Pax
1443 1357 1452 1366 .

817 1392 1130 1457 Hungarorum
1143 1387 1331 1437 dicerem
1342 1385 1600 1456 Apostolum

851 1463 970 1506 Cum
981 1456 1194 1524 Stephano
1208 1457 1440 1524 Hungariae
1463 1458 1573 1524 Regi

850 1524 1034 1574 Giselam
1046 1522 1312 1593 desponsauit
1337 1524 1530 1572 sororem
1545 1558 1559 1578 ,

685 1651 688 1653 Α
715 1595 739 1658 (
748 1600 857 1664 Qae
868 1592 1028 1643 Christi
1041 1593 1311 1660 Religionem
1323 1593 1417 1640 tulit
1441 1595 1485 1641 in
1507 1592 1695 1657 dotem)

619 1667 681 1713 Ni
701 1664 908 1713 Christum
919 1664 1091 1710 Domini
1125 1662 1346 1730 Hungaria
1365 1660 1453 1730 ipsa
1465 1680 1615 1710 vocare
1635 1659 1762 1708 malet
1781 1692 1797 1714 ‚

821 1734 860 1779 A
873 1749 962 1800 quo
986 1729 1111 1777 suum
1136 1730 1570 1800 recepit—Apostolum
1585 1770 1594 1778 .

790 1805 908 1848 Cum
922 1802 1045 1870 virgo
1056 1802 1244 1867 concipit
1257 1834 1270 1853 ,
1286 1802 1479 1846 Numina
1500 1801 1612 1869 parit
1626 1837 1635 1845 .

686 1875 809 1935 Qos
821 1886 909 1916 non
921 1885 1111 1936 generat,
1122 1884 1338 1936 regenerat
1353 1868 1554 1915 Sterilitas
1569 1866 1707 1915 sancia
1721 1887 1730 1911 :

622 1935 710 1986 Etsi
721 1954 809 1985 non
823 1936 1055 1985 hominum
1067 1971 1081 1991 ,
1093 1941 1325 1984 Beatorum
1335 1954 1567 1985 numerum
1586 1935 1775 2004 complet

663 2009 831 2054 Poterat
842 2008 1052 2053 Henricus
1064 2003 1222 2054 Christi
1267 2008 1467 2075 ropinare
1479 2007 1736 2074 Sanguinem
1750 2037 1766 2058 ,

861 2079 979 2123 Cum
1003 2073 1059 2121 illi
1083 2077 1208 2122 Ponti
1229 2094 1279 2122 ex
1314 2075 1564 2123 Benedictus

728 2142 875 2190 claues
896 2142 1184 2191 custodiendas
1205 2142 1452 2212 deposuisset
1478 2139 1666 2190 Ecclefiae
1692 2179 1700 2187 .

625 2213 678 2258 Et
687 2208 809 2280 super
827 2207 924 2257 fidei
975 2227 1112 2256 etram
1126 2215 1262 2264 ,Petri
1287 2212 1459 2259 timeret
1480 2207 1778 2259 canere'Gallus
1792 2242 1807 2264 ,

860 2281 920 2326 Ν”
942 2298 956 2326 1
968 2278 1180 2346 clangeret
1193 2277 1367 2327 Caesaris
1397 2280 1551 2346 Aquila
1568 2317 1578 2326 .

791 2345 903 2393 Vere
915 2353 1022 2395 Deus
1035 2347 1145 2406 stetit
1153 2351 1198 2394 in
1222 2353 1252 2394 S
1239 2366 1434 2415 ynagoga
1453 2353 1625 2396 Deorum

696 2420 814 2464 Cum
827 2413 987 2463 Christi
999 2448 1012 2468 ‚
1025 2420 1068 2460 &
1080 2417 1320 2463 Latronum
1330 2415 1584 2463 secernendo
1598 2420 1757 2463 Cruces

831 2486 1094 2553 Gregorium
1118 2522 1127 2531 .
1168 2522 1178 2532 .
1217 2523 1228 2532 .
1269 2522 1279 2531 .
1319 2483 1600 2530 Benedistum

767 2550 927 2600 Pseudo
952 2552 1150 2620 relegauit
1163 2587 1177 2608 ,
1315 2550 1571 2599 Pontificem
1584 2551 1799 2600 adorauit.

964 2620 1178 2689 Regicidis
1194 2621 1432 2689 Burgundis
1449 2655 1463 2675 ,

831 2688 997 2760 Qibus
1010 2708 1091 2758 pro
1113 2706 1229 2758 patre
1253 2705 1458 2757 tyrannus
1478 2705 1567 2737 erat
1582 2723 1597 2744 ‚

1002 2756 1213 2828 Imposuit
1235 2761 1424 2826 Regem.

900 2826 1017 2874 Solus
1031 2829 1144 2874 Deus
1155 2845 1283 2895 regna
1305 2822 1506 2874 transfert
1520 2864 1530 2874 .

955 2895 1126 2949 Caroli,
1143 2902 1186 2941 δε
1197 2895 1471 2944 Constantini

798 2964 867 3010 Ne
888 2959 1124 3012 fabulosam
1144 2964 1302 3011 diceres
1324 2961 1627 3013 donationemss

563 3032 758 3078 Exarauit
770 3032 997 3086 Henricus,
1010 3031 1286 3082 confirmauit
1297 3030 1437 3082 Caesar
1448 3065 1463 3086 ‚
1479 3031 1664 3078 laudauit
1680 3032 1871 3086 Sandius,

830 3102 1034 3148 Romano
1044 3100 1169 3149 semel
1180 3099 1404 3150 diffonauit
1416 3103 1461 3149 in
1475 3098 1611 3147 choro

682 3173 799 3215 Cum
811 3166 935 3236 super
948 3171 1115 3217 Petram
1141 3172 1331 3218 intonuit
1351 3167 1604 3237 Symbolum
1625 3165 1746 3216 fidei.

835 3233 967 3305 Qfi
990 3239 1134 3284 Petrus
1155 3235 1361 3286 defecisset
1386 3240 1431 3284 in
1452 3240 1572 3285 Petra
1586 3272 1600 3291 ,

796 3310 945 3374 Qam
957 3307 1002 3352 in
1018 3308 1143 3353 Petro
1155 3304 1403 3355 solidauerat
1414 3304 1608 3354 Christus
1625 3343 1633 3353 .

697 3376 839 3422 Roma
851 3375 1008 3420 iurauit
1018 3372 1144 3420 semel
1158 3409 1171 3428 ,
1185 3391 1260 3421 nec
1272 3377 1475 3444 peierauit
1501 3371 1712 3441 vmquaim
1727 3409 1734 3418 .

865 3448 958 3490 Cur
970 3444 1143 3488 Petrum
1155 3442 1370 3511 redarguit
1399 3441 1537 3490 Gallus
1550 3454 1564 3492 ?

901 3509 1114 3558 Nondum
1128 3527 1248 3579 petra
1262 3528 1352 3558 erat
1363 3514 1507 3558 Petrus
1525 3548 1534 3556 .

800 3576 1030 3646 Postquelm
1066 3579 1198 3626 claues
1234 3581 1391 3647 recepit
1426 3574 1613 3624 Ecclefiae
1624 3584 1657 3628 ,“

833 3648 926 3693 Nec
937 3649 982 3694 in
994 3665 1093 3696 eum
1104 3645 1243 3719 potest
1258 3646 1414 3715 Aquila
1425 3648 1576 3693 Sanc-sta
1591 3682 1600 3690 .
1762 3711 1768 3716 ἱ

1388 3715 1429 3763 K
1439 3714 1471 3762 k
1542 3735 1569 3763 2
1713 3710 1816 3754 Dm-

1999 510 2115 547 Corpus
2127 510 2299 543 S.Rom.‘ml

1998 547 2135 619 §iligefert
2145 551 2187 582 ad
2196 563 2299 583 tunm·-

2094 630 2220 666 xvnl.

2000 779 2303 824 *Athelbersratrem

1996 824 2218 863 Imperatritis‚
2230 827 2304 865 quia

1997 874 2140 895 zuuenem
2158 875 2303 896 vnmatu.

1996 915 2068 936 rum
2078 905 2109 934 in
2123 904 2301 948 Episcopum

1998 946 2107 985 ‘lugere
2122 949 2243 980 renuit.

1997 1195 2091 1236 Leges
2109 1194 2242 1270 ρὶιὲίέἑίεαι
2255 1222 2263 1230 .

2006 1482 2144 1526 Giselam
2167 1479 2310 1522 s⁰r⁶rem

2001 1526 2095 1570 suam
2153 1522 2309 1572 deffiOnsa't

2003 1567 2161 1610 Stephano
2171 1569 2310 1611 Hunga-

2002 1612 2052 1642 ria
2064 1611 2137 1649 Regi
2160 1629 2169 1643 ‚
2186 1612 2241 1651 sed
2251 1613 2309 1644 hoc

2000 1652 2101 1696 pafio3
2115 1661 2152 1684 vt
2162 1653 2190 1683 C
2192 1650 2313 1696 hristia-

2004 1705 2062 1727 nus
2073 1694 2098 1734 fi
2108 1703 2171 1724 eret
2181 1716 2190 1723 .

2118 1734 2210 1770 XXI.

2006 2104 2190 2136 Benediflus
2203 2104 2315 2145 Papa„

2010 2147 2113 2178 Roma
2126 2142 2269 2188 profugus
2279 2156 2316 2177 ac

2011 2190 2110 2220 currit
2121 2188 2162 2219 ad
2171 2187 2316 2220 Henric?

2005 2231 2038 2261 in
2051 2230 2258 2262 Germaniam
2265 2233 2315 2262 ,τῖ’

2009 2269 2048 2303 ab
2059 2269 2163 2313 eosedi
2185 2268 2316 2312 restitui-

2007 2322 2058 2345 tur
2071 2336 2081 2346 D

2104 2631 2228 2664 XXIII.

2101 2883 2231 2916 xxiv.

2014 2925 2190 2969 Confirmat
2219 2926 2320 2956 dona-

2010 2974 2106 3005 tionis
2116 2964 2251 3006 Ecclesiae
2268 2964 2322 3007 sa.

2013 3012 2076 3044 δας
2087 3009 2106 3042 ἁ
2123 3011 2150 3041 C
2153 3008 2320 3050 onftannno

2014 3053 2052 3088 (ῥ’
2063 3053 2128 3094 alzjs
2138 3052 2320 3092 Imperator.

2106 3093 2215 3126 XXV.

2010 3136 2090 3170 Vult
2106 3133 2290 3177 Symbolum
2300 3132 2321 3165 a*

2011 3177 2162 3212 Romaiiis
2172 3178 2203 3207 in
2214 3177 2264 3207 M
2267 3174 2320 3218 iffa

2012 3220 2096 3256 cam}-
2121 3218 2190 3250 licet
2203 3227 2263 3248 non
2275 3228 2320 3248 te-

2008 3270 2143 3293 neantur
2153 3280 2162 3294 ‚
2174 3261 2246 3300 quia
2256 3260 2320 3290 Ro-

2011 3313 2110 3334 mana
2126 3299 2209 3341 sedes
2227 3309 2320 3330 num-

2009 3343 2146 3391 qqdmin
2159 3341 2224 3385 fide
2242 3337 2318 3384 defe-

2013 3396 2075 3419 cn.
