2650 4207
185 315 213 346 S
215 312 257 346 al.

432 247 511 314 26

725 245 1016 310 Henricus
1042 243 1093 308 S.
1108 241 1383 306 Claudus
1408 240 1848 324 Impenooeid,
1874 240 1998 305 XV.

186 355 287 388 Anno
341 368 423 396 met
438 349 608 415 cognouit
619 346 761 395 amicos
775 384 784 394 .
800 345 946 394 Videns
958 350 1052 407 ᾖα
1064 342 1337 405 tantamstra-
1394 347 1425 386 S
1427 341 1543 389 ancti
1554 344 1596 387 G
1597 350 1704 410 eorgg'j
1728 339 1934 391 deducitur
1949 381 1958 391 .
1995 344 2115 390 Licet
2136 360 2229 391 rem
2264 342 2382 392 aliter

191 403 282 436 1005·

188 1431 303 1461 LXXV.

183 1469 319 1504 iaromi-

182 1522 235 1545 rus
256 1513 284 1544 C
285 1521 320 1543 ι·

175 1551 260 1595 saris
276 1551 305 1594 fi

183 1595 260 1628 dolis
271 1616 279 1627 0

190 3563 308 3594 LXXVI
319 3582 326 3593 .

335 436 445 483 gem,
458 432 714 463 commonetur
731 448 741 468 ,
753 412 1036 480 &superstites
1048 415 1091 459 in
1115 428 1339 475 vnapraece-

334 487 396 552 pit
407 484 574 548 Ecclefi'a
585 481 739 532 detrudi
752 521 760 530 .
801 480 921 543 Adest
932 483 1056 528 etiam
1073 514 1086 533 ‚
1123 482 1190 546 qui
1202 477 1338 535 Ἐοίιζ-

341 552 479 601 lauum
500 546 528 600 ἂ
558 548 942 618 comprouincialtbus
964 548 1031 612 effe
1062 551 1341 611 interemptum

336 638 403 689 pro
416 637 511 668 certo
523 617 686 687 referret
702 656 710 665 .
748 624 951 666 Laemntnr
972 620 1015 663 in
1032 619 1197 664 Domino
1204 613 1339 680 fami—

339 687 456 737 liures
479 690 600 754 Regis
626 720 639 740 ,
674 689 907 753 corruptique
940 684 1146 751 tristantur
1160 681 1339 749 fautores

340 755 558 805 adulterini
570 757 694 804 Ducis
708 793 716 802 .
756 757 821 803 Hi
841 755 1014 800 inuicem
1036 751 1249 816 muffuntes
1285 769 1337 798 ex

340 827 488 873 iniusti·
500 823 623 873 cordis
635 824 706 889 flii
712 822 913 885 secretario
926 820 990 869 boc
1010 839 1204 868 euomucre
1224 837 1336 865 men-

340 892 503 942 ducium
516 931 524 941 .
564 893 612 938 Si
632 896 724 952 Rex
735 909 936 956 Umquam
948 891 992 935 in
1016 887 1113 936 bonu
1124 889 1336 953 ss’curitate

341 960 543 1028 consisteret
555 960 615 1024 ,ᾖ
627 975 719 1006 tunc
730 958 788 1006 ad
799 957 973 1006 nihilum
997 956 1131 1004 valere
1146 990 1158 1009 ,
1170 955 1334 1021 multaq;

341 1029 442 1078 abeo
451 1031 543 1097 pati
553 1029 765 1080 contraria,
780 1025 911 1074 debere
925 1047 937 1083 ‚-
951 1031 1105 1092 Propter
1117 1024 1180 1072 hoc
1191 1023 1334 1071 latente

341 1096 507 1165 igniculo
514 1097 551 1159 f
540 1094 589 1142 ub
601 1096 722 1143 cinere
733 1098 776 1142 in
791 1095 857 1143 hoc
869 1096 1006 1142 itinere
1019 1127 1032 1146 ‚
1055 1112 1104 1140 ac
1114 1091 1243 1159 postea
1255 1093 1334 1158 [ἑσ-

335 1163 483 1232 piffime
498 1198 510 1217 ‚
530 1163 710 1229 Regisuo
722 1162 946 1211 cunctorum
966 1160 1103 1224 hostem
1115 1159 1304 1228 fidelium
1321 1192 1334 1212 ,

342 1231 463 1283 brutis
469 1235 606 1301 peiores
626 1229 876 1278 animalibus
889 1264 903 1284 ,
910 1230 1183 1296 praeposuerunt
1197 1262 1210 1281 ,
1224 1231 1332 1294 igno-

339 1317 487 1355 rantes,
498 1298 596 1367 quod
608 1298 659 1347 ab
671 1318 801 1346 eorum
805 1297 957 1366 fraude
973 1296 1335 1361 vicariumsuimet

338 1372 380 1419 in
404 1371 512 1418 terris
534 1368 726 1416 Dominus
742 1384 857 1434 pater
880 1369 1074 1432 ingenitus
1090 1399 1102 1418 ,
1119 1364 1334 1432 speculator

339 1436 499 1504 desuper
513 1435 751 1485 liberaturus
760 1452 847 1483 erat
872 1439 891 1481 e
913 1433 1031 1483 Coelis
1045 1472 1052 1480 .
1092 1441 1208 1480 Tunc
1220 1438 1332 1480 laro-

339 1507 464 1556 mirus
474 1505 573 1570 iuffu
583 1505 709 1570 Regis
720 1525 808 1552 cum
819 1506 972 1571 optimis
983 1501 1178 1550 militibus
1202 1522 1253 1549 cx
1266 1522 1333 1549 no-

326 1574 422 1642 stris
433 1607 447 1629 ,
458 1593 506 1624 ac
518 1592 608 1622 cum
617 1573 755 1621 incolis
769 1572 847 1638 fibi
872 1570 1177 1623 adherentibus,
1202 1568 1259 1617 ad
1270 1587 1333 1617 ca-

331 1641 522 1711 piendum
537 1675 550 1695 ‚
564 1641 641 1708 seu
660 1640 918 1690 occidendum
941 1642 1150 1706 serpentem
1165 1659 1332 1686 veneno-

326 1712 426 1778 sum
439 1717 618 1778 Pragam
623 1712 874 1776 praemittitur
885 1747 895 1756 .
922 1703 1057 1774 Qem
1077 1724 1336 1774 praeoccupan-

339 1797 395 1828 tes
417 1788 548 1849 nunc-q¹
563 1778 864 1846 praescriptorum
887 1797 971 1825 rem
992 1774 1121 1825 ordine
1153 1775 1337 1843 pandunt

337 1848 563 1907 fBoliZlauo,
574 1845 621 1893 de
636 1845 715 1893 tali
719 1845 885 1914 periculo
891 1844 1002 1912 prius
1000 1844 1133 1907 securo
1151 1883 1160 1891 .
1184 1847 1269 1892 Hic
1280 1842 1335 1891 le-

333 1919 490 1985 gatione
502 1913 581 1964 tali
595 1916 848 1962 commonitus
861 1948 874 1968 ‚
888 1913 995 1960 clam
1005 1913 1054 1978 se
1073 1914 1311 1980 praeparauit
1324 1945 1337 1965 ‚

337 1985 397 2048 ff
404 1984 645 2051 fitbfequenti
659 1981 766 2030 noste
777 1985 866 2028 iam
880 1980 1080 2029 mediante
1094 2013 1107 2034 ‚
1118 1980 1283 2029 audiens
1294 1983 1338 2027 in

340 2047 432 2102 vrbe
437 2046 630 2120 proxima
636 2085 650 2105 ,
663 2070 741 2116 quae
753 2051 798 2096 V
789 2049 998 2116 usffigradj
1011 2047 1337 2112 dicitur,campa-

340 2123 533 2174 na52ciues
546 2126 601 2167 ad
613 2118 749 2167 bellum
749 2118 883 2184 fhnitu
893 2117 1192 2170 hortantechum
1200 2120 1339 2185 prima

340 2189 482 2257 legione
503 2190 636 2236 cxiuit
651 2221 664 2242 ,
700 2186 758 2249 (eff
804 2189 955 2237 atrium
972 2184 1169 2254 fugiendo
1191 2187 1336 2252 reuisit.

340 2259 476 2324 Qem
498 2256 714 2324 Zobissaus
729 2289 742 2310 ,
777 2273 878 2304 rater
900 2253 1114 2304 Athelberti
1135 2253 1314 2320 Praesulis
1327 2287 1341 2306 ‚

340 2327 400 2388 (eff
410 2333 444 2373 C
445 2325 554 2388 hristz'
564 2326 753 2388 martyris
765 2357 779 2376 ,
779 2322 1041 2391 subsequutus
1055 2355 1068 2375 ,
1079 2324 1122 2369 in.
1128 2340 1240 2390 ponte
1250 2321 1342 2368 vul-

341 2411 498 2442 neratus
513 2392 744 2461 oppetunff'
756 2411 949 2458 magnum
966 2388 1137 2439 hot't'ibus
1143 2388 1342 2456 gaudium

330 2463 423 2530 suis
435 2478 572 2511 autem
583 2460 739 2509 lullum
756 2458 999 2527 ineffabilem
1021 2456 1202 2524 reliquit.
1238 2463 1341 2504 Cra-

341 2532 455 2580 §tina
467 2546 603 2579 autem
616 2527 679 2576 die
691 2530 913 2576 laromirus
935 2525 1152 2574 adueniens
1162 2559 1176 2580 ,
1188 2525 1342 2592 Populis

342 2602 435 2648 iura
444 2632 458 2651 ‚
484 2599 692 2663 veniamq5
706 2598 888 2662 commiffi
894 2592 1139 2663 poscentibus
1159 2611 1253 2641 ante
1260 2611 1342 2660 por-

342 2685 429 2716 tam
440 2664 551 2714 dedit
563 2698 577 2720 ,
587 2664 731 2730 illicoq3
748 2665 976 2730 intromiffus
992 2696 1004 2717 ,
1011 2660 1185 2730 pristinis
1195 2662 1341 2712 honori-

344 2735 414 2785 bus
425 2753 577 2800 magna
589 2732 835 2780 iucunditate
862 2735 1123 2788 intronizatur
1134 2763 1147 2784 ‚
1184 2751 1231 2779 ac
1253 2748 1342 2778 tunc

344 2803 518 2871 depofitis
539 2801 687 2850 vilibus
706 2800 952 2850 indumentis
980 2799 1262 2868 praeciostoribus
1284 2819 1342 2847 or—

345 2888 467 2920 natur
481 2909 490 2918 .
529 2872 640 2919 Huic
652 2867 710 2916 ibi
731 2887 818 2918 tum
838 2870 1118 2936 praesentatur,
1153 2866 1345 2934 quidquid

345 2939 607 3006 Unusquisque
620 2937 798 2987 militum
809 2932 910 2986 hosti
922 2936 1103 3006 fugitiuo
1117 2969 1130 2989 ,
1153 2935 1220 2983 vel
1229 2935 1344 3002 occist

340 3006 545 3075 spoliorum
557 3005 740 3071 abstulit.
779 3005 1020 3054 Muneribus
1040 3003 1148 3052 idem
1168 3003 1343 3053 delec‘la-

347 3091 409 3124 tus
415 3073 600 3142 plurimis
614 3108 626 3129 ‚
642 3072 698 3121 ad
709 3076 756 3121 V
746 3074 935 3141 uifflgrodi
945 3072 1206 3122 introducitur
1222 3107 1234 3127 ‚
1270 3072 1344 3119 ibi-

347 3142 479 3209 demq3
491 3145 533 3189 in
546 3146 770 3190 Dominum
784 3143 1039 3192 exclamatur
1053 3180 1061 3188 .
1078 3144 1201 3207 Regis
1211 3140 1344 3189 indul-

342 3212 501 3278 gentia,
512 3210 705 3276 &secum
718 3211 790 3260 huc
803 3212 924 3279 quue
930 3208 1261 3278 perseuerantibus
1271 3208 1345 3256 diu

348 3277 588 3327 elaboratum
594 3281 763 3345 permifit
777 3273 961 3328 brauium
973 3317 982 3326 .
1028 3277 1202 3343 Confluit
1222 3276 1345 3325 vndi-

348 3367 420 3414 que
418 3348 533 3412 ficus
544 3364 631 3395 tam
642 3346 770 3413 vulgi,
782 3346 1112 3414 qudmseniorum
1127 3344 1346 3414 ineffabilis

349 3414 464 3463 turba
474 3412 531 3461 ad
534 3417 718 3480 gratiam
729 3418 817 3462 noui
827 3419 954 3464 Ducis
964 3414 1272 3483 percipiendam,
1287 3414 1347 3475 (ᾤ’

351 3483 407 3531 ad
409 3481 707 3551 praestolandum
711 3481 858 3550 gloriofi
876 3486 997 3550 Regis
1009 3483 1198 3548 acceffiim
1211 3520 1220 3530 .
1260 3486 1345 3530 Hic

348 3552 511 3599 tandem
523 3550 737 3599 adueniens
755 3552 807 3600 ab
818 3552 1003 3615 Antistite
1014 3551 1218 3619 Thiedago
1234 3584 1248 3604 ‚
1287 3550 1345 3612 ff
1370 3545 1372 3559 ¹

350 3619 379 3666 d
389 3625 497 3666 Duce
508 3621 697 3667 laromiro
709 3639 799 3666 cum
812 3621 1001 3685 immenfh
1019 3618 1142 3674 Cleri,
1153 3621 1342 3687 totiufique

350 3688 487 3754 Populi
504 3686 674 3754 tripudio
681 3687 895 3755 fhscipitur
916 3720 931 3742 ,
966 3687 1024 3754 Ψ
1048 3688 1105 3736 ad
1126 3688 1345 3757 Ecclefiam

1390 406 1581 456 accidisse
1594 444 1607 463 ,
1619 409 1859 457 Dubrauius
1873 408 2120 464 scribant,&
2131 417 2380 460 Cromerus:
2403 437 2480 473 Lib.
2492 439 2549 481 5&

1352 509 1356 511 -
1392 477 1478 525 duo
1489 494 1608 524 erant
1627 477 1796 526 Boleslai
1809 478 2007 531 Polonus,
2021 484 2064 524 &
2076 479 2306 532 Bobemus,
2319 479 2383 527 vel
2410 480 2539 515 Bolum.

1393 544 1552 593 Miseco
1566 544 1727 593 Polono
1740 563 1901 594 nomen
1912 563 2023 595 erat.
2063 546 2157 594 Post
2179 550 2300 617 pae‘ta
2320 542 2383 608 frg-

1389 613 1488 660 dem
1512 616 1716 662 inuitatus
1740 612 1953 662 Bohemus
1990 622 2002 672 (
2021 629 2073 662 vt
2093 613 2246 682 legitur
2270 615 2384 685 apud

1386 681 1659 730 Dubrauiurn
1670 691 1681 740 )
1693 686 1739 729 in
1750 683 2007 732 Cracouiarn
2020 700 2194 751 pergere
2206 715 2221 737 ,
2255 682 2313 731 ibi
2324 682 2383 732 sa-

1387 750 1545 818 crilego
1558 750 1657 799 dolo
1676 784 1688 804 ,
1700 750 1861 800 violato
1872 749 2044 818 hospitij
2067 753 2157 799 iure
2170 750 2384 800 Bohemus

1385 818 1560 867 admota
1572 819 1704 867 oculis
1718 818 1875 867 lamina
1891 819 1915 866 εὶ
1928 817 2090 867 Polono
2111 819 2361 867 exoculatur
2374 856 2384 866 .

1385 889 1585 936 Domum
1607 886 1796 935 reuersus
1818 889 2138 935 Hiaromirium
2171 903 2275 935 natu
2295 905 2385 934 rna-

1383 957 1521 1003 iorem
1534 954 1672 1002 filium
1683 957 1728 1002 in
1738 953 1841 1003 solio
1853 954 2031 1004 collocat
2047 994 2055 1004 .
2071 955 2192 1003 Filius
2204 953 2387 1023 fimplici

1382 1024 1510 1072 corde
1523 1022 1772 1071 imitabatur
1795 1040 1988 1094 patrem.-
2013 1040 2241 1093 propterea
2260 1022 2387 1074 fimili

1381 1092 1481 1140 dolo
1496 1093 1612 1140 idern
1624 1091 1821 1161 proditor
1834 1091 1971 1140 filium
1994 1093 2157 1141 tradere
2181 1094 2361 1139 tentauit
2375 1130 2385 1139 .

1380 1160 1584 1210 Cochanus
1607 1160 1821 1230 proditori
1847 1177 2008 1208 nomen
2020 1177 2111 1208 erat
2131 1179 2182 1207 ex
2195 1162 2359 1209 Rauitis
2372 1192 2387 1214 ,

1381 1227 1451 1276 seu
1473 1227 1727 1292 Versouicijs
1741 1231 1966 1298 ‚principe
1990 1246 2094 1277 tunc
2115 1231 2229 1275 inter
2252 1226 2387 1276 Bohe·

1382 1316 1478 1345 mos
1503 1294 1663 1345 familia
1684 1319 1696 1354 ‚-
1738 1300 1857 1344 cuius
1879 1303 2071 1345 Stemma
2101 1297 2387 1365 gentilitium,

1381 1383 1470 1412 erat
1484 1400 1497 1419 ‚
1512 1365 1647 1414 Puella
1659 1368 1755 1415 viro
1767 1363 1946 1413 infidens
1958 1375 1969 1424 (
1975 1365 2072 1413 teste
2085 1372 2301 1418 Cromero
2312 1363 2383 1412 lib.

1387 1433 1536 1492 2.Pol.)
1549 1450 1754 1483 venatum
1767 1436 1939 1488 inuitat,
1952 1437 2064 1481 intra
2074 1433 2237 1502 syluam
2250 1433 2387 1482 addu-

1382 1506 1459 1557 cit,
1470 1501 1767 1550 aberrantibus
1779 1502 1899 1567 socijs
1912 1538 1926 1557 ,
1938 1521 2053 1571 equo
2064 1502 2281 1556 deturbat,
2317 1501 2387 1550 de-

1383 1570 1606 1619 turbatum
1619 1587 1775 1619 trunco
1789 1571 1929 1640 alligat
1946 1605 1960 1625 ‚
1996 1578 2039 1617 &
2064 1574 2176 1619 inter
2197 1570 2388 1618 satellites

1382 1642 1547 1708 primus
1571 1639 1702 1687 telum
1723 1641 1969 1708 intorquet.
1986 1641 2274 1688 Hiaromirius
2287 1637 2388 1689 vero

1381 1711 1438 1755 D.
1452 1710 1514 1755 Io:
1530 1706 1714 1776 Baptista
1728 1709 1931 1757 inuocato
1945 1742 1958 1762 ‚
1969 1709 2112 1757 euadit
2133 1708 2361 1757 incolumis
2376 1740 2390 1761 ,

1383 1783 1426 1822 &
1454 1778 1641 1824 Houorae
1665 1779 1880 1824 venatoris
1904 1775 2239 1844 superuenientis
2270 1778 2389 1826 voci-

1382 1844 1457 1892 bus
1513 1844 1668 1891 milites
1714 1844 1962 1912 conglobati
2014 1845 2389 1914 comprehendunt

1385 1915 1508 1962 XIII.
1522 1910 1811 1969 infidiatore53
1852 1911 2082 1962 Cochanus
2095 1929 2240 1960 tamen
2253 1910 2389 1981 fuga-³

1384 1980 1543 2049 elapsus
1557 1984 1601 2028 in
1614 1981 1823 2029 Poloniam
1835 1980 2124 2050 transfugium
2135 1981 2193 2029 ibi
2204 1982 2392 2030 Polonum
2411 2008 2546 2044 Dabru-

1384 2049 1533 2098 doceret
1546 2086 1560 2106 ,
1569 2050 1655 2117 sua
1669 2053 1868 2119 suorumq3
1875 2050 2086 2119 gentilium
2107 2068 2220 2120 opera
2230 2051 2297 2115 ‘ff'
2309 2048 2390 2118 fa-
2411 2053 2488 2085 uias.

1387 2120 1499 2167 aslum
1515 2152 1527 2171 ,
1539 2136 1586 2166 vt
1599 2121 1876 2167 Hiaromirius
1892 2153 1905 2172 ‚
1941 2118 2006 2166 vel
2027 2122 2115 2165 iam
2125 2122 2182 2186 fit
2192 2137 2366 2166 mortuus
2382 2152 2393 2170 ‚

1386 2187 1455 2235 vel
1473 2186 1580 2234 breui
1599 2190 1836 2234 moriturus.
1876 2193 1907 2233 S
1908 2187 2064 2253 upercff’
2086 2189 2253 2234 vnicum
2266 2186 2393 2234 Vdal-

1387 2255 1763 2319 ricumsucceffirem
1779 2276 1907 2307 ,nunc
1916 2259 1960 2302 in
1972 2256 2071 2301 aula
2088 2261 2122 2300 C
2124 2256 2184 2320 aes
2171 2258 2254 2304 aris
2278 2261 2393 2302 Hen-

1388 2326 1460 2370 rici
1473 2327 1534 2369 ll.
1573 2321 1773 2388 degentem
1789 2356 1800 2375 ‚
1813 2322 1870 2370 ad
1883 2342 1996 2390 quem
2001 2326 2039 2390 fi
2046 2325 2090 2370 in
2102 2339 2263 2390 tempore
2275 2322 2396 2389 legati

1389 2411 1481 2439 cum
1501 2389 1730 2440 lautioribus
1751 2389 1862 2438 donis
1894 2395 2142 2439 mitterentur
2166 2424 2180 2444 ‚
2213 2393 2262 2438 V
2252 2391 2396 2439 dalrici

1389 2478 1499 2527 quoqj
1507 2458 1693 2525 potiundi
1690 2461 1807 2526 spem
1823 2480 1895 2507 non
1908 2457 2141 2525 defuturam
2156 2479 2169 2504 .·
2183 2478 2254 2526 quo
2252 2458 2395 2524 fiibla-

1390 2544 1425 2575 to
1429 2528 1620 2593 ‚fiturum
1632 2526 1809 2594 deinceps
1819 2527 1934 2574 illum
1941 2527 2202 2593 ,ociofiimqjin
2216 2544 2395 2594 vtramq;

1390 2615 1526 2643 aurem
1542 2597 1709 2644 dormire
1714 2599 1817 2663 possc
1838 2633 1847 2641 .
1880 2594 2042 2644 Probato
2057 2594 2260 2644 Doleslaus
2274 2596 2394 2644 vehe-

1389 2682 1536 2712 menter
1552 2664 1702 2732 constlio
1715 2697 1729 2717 ,
1740 2663 1869 2711 eodem
1880 2681 2042 2731 tempore
2064 2667 2195 2731 copias
2209 2666 2252 2710 in
2268 2664 2395 2712 zohe-

1389 2734 1519 2779 miam
1534 2732 1786 2781 deducendas
1801 2732 2234 2798 contrahit‚(oy⁷*Legatos
2246 2733 2303 2779 ad
2314 2738 2394 2778 Cae-

1377 2803 1711 2868 saremproficis'ci
1722 2800 1826 2849 iubet
1839 2836 1851 2856 ,
1886 2803 1952 2867 qui
1968 2818 2037 2868 per
2057 2799 2392 2867 insimulationem

1389 2869 1596 2918 rebellionis
1610 2903 1622 2922 ,
1632 2868 2008 2937 seditionisq3trudi
2026 2871 2097 2935 fibi
2120 2872 2163 2916 in
2181 2867 2394 2932 custodium

1393 2940 1438 2984 V
1431 2937 1626 2986 dalricum
1635 2937 1832 3004 postulent
1845 2976 1853 2984 .
1879 2943 1914 2983 C
1915 2941 2006 3001 aesltr
2029 2940 2229 2985 Henricus
2243 2939 2398 3003 tametfi

1390 3005 1498 3054 alitis
1510 3009 1654 3072 integer
1671 3039 1683 3058 ,
1696 3025 1745 3053 uc
1751 3008 1900 3072 pietate
1921 3007 2078 3071 infignis
2090 3005 2290 3055 haberetur
2303 3039 2316 3059 ,
2329 3022 2391 3052 ta-

1392 3095 1482 3123 men
1498 3076 1666 3141 acceptis
1677 3091 1767 3121 tunc
1777 3072 2004 3122 muneribus
2023 3072 2103 3121 tale
2119 3073 2286 3140 quidam
2292 3074 2390 3139 pus-

1388 3145 1456 3207 fiis
1478 3147 1537 3189 est
1552 3175 1565 3195 ,
1591 3141 1707 3208 quale
1729 3142 1776 3189 de
1797 3147 1889 3190 Ioue
1901 3159 2109 3195 cantatur,
2128 3145 2173 3189 in
2195 3142 2294 3190 hunc
2316 3160 2393 3187 mo—

1393 3210 1492 3258 dum
1506 3244 1518 3263 ‚
1536 3210 1723 3279 placatur
1734 3211 1860 3258 donis
1872 3212 2034 3276 Iupiter
2044 3208 2128 3277 ipse
2140 3210 2243 3257 datis
2257 3246 2266 3254 .
2280 3214 2396 3256 Caete-

1394 3299 1485 3326 rum
1496 3278 1689 3327 huffenus
1696 3278 1869 3345 precibus
1886 3277 2258 3345 Polonifitbfcripstt,
2269 3294 2319 3323 vt
2331 3280 2393 3344 ip-

1369 3388 1372 3406 ἲ
1382 3349 1430 3414 se
1444 3349 1487 3395 in
1501 3347 1685 3412 aulasua
1698 3346 1862 3411 custodes
1861 3350 1960 3413 suos
1971 3348 2019 3392 V
2009 3340 2153 3394 dalrico
2163 3343 2395 3399 adderemus?

1395 3433 1532 3463 autem
1544 3432 1594 3462 vt
1605 3434 1695 3462 eum
1706 3420 1749 3462 in
1763 3434 1910 3463 manus
1924 3414 2058 3461 Poloni
2069 3413 2237 3462 traderet
2250 3451 2258 3460 .
2297 3415 2395 3460 Imo

1370 3495 1373 3542 ξ
1395 3481 1539 3531 scribit
1553 3484 1767 3530 Martinus
1779 3488 2014 3531 Cromerns
2035 3481 2240 3529 traditum
2261 3478 2391 3528 fuisse.

1370 3561 1372 3586 3
1397 3555 1443 3600 V
1434 3551 1623 3601 delricum
1642 3550 1821 3618 (inquit)
1834 3550 2005 3599 alterum
2019 3550 2329 3619 fBoleslaifilium
2341 3551 2394 3597 ab

1397 3623 1570 3669 Henrico
1594 3624 1824 3685 Imperatore
1846 3622 1959 3678 affini
1966 3620 2041 3683 suo
2054 3653 2067 3672 ,
2105 3621 2174 3685 qui
2198 3637 2289 3666 tunc
2301 3616 2393 3666 bello

1398 3689 1551 3738 Gallico
1571 3686 1694 3737 valde
1705 3685 1988 3750 distrahebatur
1998 3720 2012 3741 ,
2023 3689 2171 3755 petenti
2185 3687 2257 3754 fibi
2279 3685 2391 3734 dedi-

2216 3771 2323 3808 tum,

2405 864 2539 892 LXXVII
