2650 4207
439 294 514 345 10
731 269 1022 334 Henricus
1038 266 1089 330 S.
1104 263 1377 330 Claudus
1403 264 1615 347 Imper.
1641 261 1850 325 Occid.
1877 261 1999 325 XV.

345 392 483 428 natus,
494 391 544 420 ex
557 386 674 440 patre
687 372 916 422 Bauaro,ex
929 368 1028 413 Auo
1041 368 1219 416 Bauaro,
1238 363 1343 429 quid
1404 379 1446 407 re
1458 359 1695 407 sortiuntur
1709 364 1885 407 nomina
1902 399 1910 407 .
1934 359 2123 408 Processu
2137 360 2393 408 tumescunt>

343 440 572 491 conferunt
586 442 630 485 in
643 436 885 505 patriciolo
898 469 910 489 ‚
923 431 955 480 fi
965 438 1144 480 Saxones
1156 429 1239 478 sint
1255 447 1343 476 ata-
1397 426 1523 475 cursu
1536 426 1797 474 maiestatem
1816 428 2001 475 induunt
2015 462 2028 482 ‚
2042 428 2121 479 &a
2145 428 2234 477 solo
2246 464 2258 483 ,
2272 428 2392 497 quod

345 515 388 559 ui
402 519 424 558 ,ἓ
443 513 482 558 Si
495 509 668 578 propria
681 541 694 560 ‚
718 513 761 551 &
784 507 916 574 patris
939 503 1136 557 natiuitas
1155 517 1242 547 non
1256 496 1343 545 suf-
1395 497 1557 544 alluunt
1574 530 1588 551 ,
1623 496 1782 543 Italicas
1798 531 1813 551 ‚
1848 495 1913 546 vel
1937 494 2158 544 Africanas
2184 498 2367 545 dicimus
2379 535 2390 546 .

347 580 504 632 ficit‚vt
517 577 716 647 §.proauis
730 574 879 621 nostris
905 573 1090 640 patriam
1114 568 1343 616 sortiamur
1395 568 1499 614 Boio
1511 580 1658 612 ortum
1673 580 1792 633 patre
1808 602 1822 619 ,
1856 567 1948 612 imo
1959 572 2003 611 &
2025 568 2124 612 Auo
2151 567 2392 613 Henricum

344 646 555 697 diuersam
567 668 579 703 ς
592 663 668 692 nec
682 648 863 690 Bauarus
873 643 954 688 erit
965 641 1175 698 Henricus
1189 671 1202 690 ,
1214 634 1245 682 sl
1256 638 1342 681 eius
1394 652 1523 682 nemo
1535 632 1704 682 dubitat
1718 667 1731 687 ‚
1745 634 1886 705 itaque
1901 637 2112 680 Bauarum
2139 632 2390 681 necessaria..-

345 712 532 787 genesim
543 713 567 762 τὶ
579 717 745 781 Magno
756 709 912 759 Carolo
932 708 1056 756 ducas
1075 745 1082 753 .
1108 708 1209 752 Vno
1222 722 1342 751 nam·
1392 702 1594 771 supponit
1609 700 1760 749 illatio.
1799 701 2141 770 Superabundare
2165 718 2390 769 propterea

343 804 429 855 que
439 779 692 838 satisfaciam
704 779 836 830 verbo
849 811 863 831 ,
884 795 990 826 vnus
1007 774 1066 822 est
1087 774 1199 825 orbis
1214 808 1225 827 ‚
1240 773 1342 839 ergo
1391 771 1501 818 duco
1522 770 1772 838 sequentem
1793 772 1971 817 Henrici
1992 775 2029 817 S.
2051 768 2354 840 Genealogiam
2365 769 2391 819 εἰ

342 872 426 905 vna
438 854 571 921 patria
584 868 708 904 ‚cum
722 863 867 897 totum
879 844 1049 895 Orbem
1060 862 1166 893 vnus
1190 859 1342 912 propa·
1392 840 1602 887 Matthaeo
1624 839 1793 889 Radero
1813 854 2062 892 contextam
2075 875 2084 888 0
2426 875 2463 907 In
2479 876 2544 907 Ba-

343 924 505 991 gauerit
526 935 668 989 pater.
707 914 849 965 Liberi
872 912 1004 964 nostri
1024 929 1236 982 aquarum
1247 929 1340 957 mo-
1636 938 1639 940 v
2405 926 2523 989 ugr&

534 992 537 996 ”
1070 985 1073 989 ’
2522 970 2545 991 a

2405 1010 2437 1030 ln
2447 1009 2543 1032 ‘Una-¹

233 1115 280 1150 m
597 1051 847 1120 Arnulphus
861 1046 1256 1115 Come5‚Arnulphi
1267 1045 1430 1107 Cesaris
1441 1042 1664 1093 Praefestus
1676 1043 1840 1092 militiae
1851 1046 1895 1092 in
1908 1042 2240 1092 Nordmannico
2250 1041 2358 1091 bello
2406 1042 2544 1114 *Ji-afim·

616 1131 870 1219 Luiffaoldus
918 1162 1115 1228 Princeps
1153 1192 1216 1245 ,Μ’
1245 1163 1288 1202 ὃ(
1335 1154 1511 1202 Austriae
1559 1153 1770 1207 tetrarcha

617 1272 832 1323 Arnoldus
846 1259 980 1318 malus
1259 1263 1268 1267 ²
1378 1254 1383 1256 i
1439 1264 1691 1315 Bettholdus
1704 1267 1902 1334 Princeps
1922 1266 2092 1321 Norici,
2105 1272 2149 1313 &
2162 1261 2397 1314 Carintbiae

1071 1244 1153 1253 ,-

682 1350 739 1369 Ma

700 1370 702 1373 ,
1503 1344 1563 1363 ΑΜ

620 1382 790 1434 Iuditha
801 1399 910 1433 vxor
920 1382 1097 1433 Henrici
1110 1380 1285 1431 Saxonis
1421 1374 1675 1425 Bettholdus
1687 1377 1867 1445 Princep
1875 1394 1892 1422 s

1507 1457 1568 1478 Μ

1429 1488 1642 1537 Henricus
1666 1487 1867 1554 Princeps

1507 1565 1566 1585 Μ

1381 1598 1591 1650 Henricus
1603 1597 1800 1664 Princeps
1814 1597 2151 1651 Noricorum,&
2163 1593 2388 1652 Carinthie

1509 1676 1568 1697 Μ

1396 1708 1608 1760 Henricus
1621 1710 1660 1752 S.
1673 1708 1917 1772 Imperator

350 1818 469 1871 Nam
484 1848 497 1867 ,
511 1811 595 1859 siue
607 1809 775 1858 Natalia
785 1808 934 1857 habeat
944 1807 996 1856 ab
1018 1806 1248 1877 Arnulpho
1262 1811 1352 1854 Co-
1398 1809 1442 1850 δε
1454 1804 1696 1851 conuiceret
1709 1835 1722 1855 ,
1744 1803 1789 1848 ni
1805 1801 1990 1869 plurima
2009 1817 2175 1848 mutata
2197 1800 2394 1869 Regumj

347 1887 456 1932 mite
479 1878 683 1930 Praefecto
706 1876 870 1925 militiae
889 1876 966 1925 sub
987 1879 1180 1945 Imperio
1192 1874 1352 1930 Arnul-
1398 1871 1613 1920 obstarent
1626 1868 1805 1937 insignia
1817 1891 1829 1927 3
1842 1875 1884 1915 δε
1899 1869 2108 1936 gentilitia
2130 1872 2308 1938 antiqua
2321 1867 2396 1917 ob-

349 1952 426 2022 phi
437 1948 611 2000 Caesaris
625 1982 638 2002 ,
652 1944 736 1994 fiue
749 1945 801 1994 ab
814 1948 1004 1999 Henrico
1022 1949 1198 2015 Aucupe
1211 1978 1225 1999 ,
1241 1941 1345 1990 sem-
1397 1940 1525 1989 soleta
1539 1938 1852 2008 languescerent
1865 1977 1874 1985 .
1887 1938 2101 1985 Henricus
2113 1938 2318 2006 Auceps(
2331 1955 2397 1983 ar-

350 2040 427 2091 per
445 2025 629 2067 Bauarus
640 2015 697 2063 est
711 2055 719 2063 .
739 2019 832 2063 Nec
844 2018 936 2064 vim
948 2009 1049 2062 facit
1061 2016 1238 2062 Saxonia
1249 2031 1352 2062 cum
1397 2013 1491 2079 guit
1503 2008 1688 2058 Raderus
1702 2009 1722 2074 )
1735 2009 1977 2076 Imperator
1989 2008 2034 2054 in
2055 2005 2194 2054 media
2205 2006 2398 2075 Aquila-³

350 2090 518 2160 proauis
528 2086 609 2135 suis
621 2108 634 2145 ‚-
648 2103 751 2133 nam
762 2082 793 2131 fi
807 2083 858 2131 ad
870 2102 1052 2153 proauos
1067 2099 1352 2135 recurramus,
1398 2077 1567 2148 fignum
1581 2075 1755 2145 gestauit
1775 2076 2305 2142 Vvitikindaeum,equum
2320 2073 2399 2121 sci-

348 2159 401 2208 de
422 2154 675 2208 Othonibus
699 2153 777 2202 suis
792 2151 906 2201 haud
920 2154 1078 2221 poterit
1099 2149 1352 2219 superbire)
1396 2147 1497 2195 licet
1509 2146 1797 2195 exultantem.
1834 2146 2046 2191 Henricus
2067 2146 2242 2191 Sanetus
2265 2145 2400 2210 Aqui-

347 2228 525 2276 Saxonia
552 2264 560 2272 .
600 2226 662 2271 Ar
694 2225 931 2270 umentum'
961 2221 1082 2290 quod
1102 2219 1154 2268 ab
1174 2220 1353 2266 Henrici
1399 2217 1487 2264 lam
1499 2233 1601 2262 cum
1617 2212 1811 2263 rhombis
1825 2211 1935 2266 ,fine
1946 2230 2060 2282 equo
2074 2245 2086 2265 ,
2122 2213 2225 2260 vtin
2236 2210 2399 2261 Baben.⁷

350 2298 491 2353 §andr-i
511 2243 750 2362 infignffius
769 2290 964 2347 Raderus,
981 2290 1153 2344 deducit
1167 2321 1181 2343 ,
1194 2286 1327 2359 placet
1340 2320 1354 2342 ,
1401 2281 1676 2352 bergensibus
1687 2283 1984 2332 monumentis
2007 2280 2175 2332 videtur
2187 2318 2201 2348 ,μ
2386 2274 2402 2279 ”

243 1991 302 2027 lv.

1471 3376 1554 3391 *Ὗ
1605 3381 1609 3382 ⁷

369 3443 494 3492 Idem
513 3438 834 3510 Archiepiscopi
851 3439 1121 3489 Treuirenses
1144 3437 1158 3494 J
1194 3445 1239 3485 &
1259 3440 1361 3487 Mo-
1385 3442 1447 3485 ¹5.
1462 3436 1641 3485 Henrici
1662 3428 1868 3482 rhombos
1879 3447 1981 3478 curn
1991 3425 2407 3499 AugustanIEpisco-

370 3513 543 3582 guntini
579 3510 603 3560 ὲ
622 3515 838 3558 Saxonum
856 3509 982 3579 stirpe
1003 3508 1175 3556 oriundi
1194 3505 1362 3556 factita-
1410 3523 1532 3575 patus
1557 3501 1788 3573 insignibus
1809 3500 2033 3548 coniunxit
2055 3532 2069 3553 ‚
2102 3514 2191 3545 non
2212 3514 2376 3565 equum
2392 3534 2403 3544 .

371 3596 500 3634 runt,
521 3598 626 3628 cum
636 3578 688 3627 ad
713 3595 887 3626 crucem
898 3574 1159 3625 Treuirenfis
1174 3595 1361 3646 equum:
1413 3575 1610 3642 Adiunge
1630 3610 1644 3630 ,
1665 3570 1697 3618 si
1719 3569 1842 3620 Otho
1862 3571 2046 3638 Magnus
2058 3564 2292 3635 infignibus
2311 3564 2407 3611 licet

369 3648 555 3696 eundem
566 3649 853 3716 Moguntinus
864 3645 918 3693 ad
929 3663 1073 3693 rotam
1092 3645 1360 3714 adiungebat.
1409 3643 1647 3692 adiunxerit
1668 3637 2078 3705 rhomb05,equum
2100 3651 2245 3682 tamen
2268 3633 2407 3702 genti-

371 3720 516 3767 Bruno
525 3716 627 3769 vero
640 3714 910 3785 Augustanus
932 3712 1099 3763 antistes
1112 3733 1360 3782 ‚germanus
1407 3712 1551 3760 litium
1561 3708 1674 3758 haud
1695 3703 1969 3777 praetermifit
1982 3738 1997 3761 ,
2010 3722 2113 3755 cum
2137 3706 2228 3752 iure
2248 3699 2383 3771 posset
2393 3733 2408 3755 ‚

2229 3787 2340 3819 noua
